3817 6450
622 1199 629 1229 a
719 1177 823 1227 amaa
845 1179 892 1227 nu
914 1177 1022 1228 urna
1332 1167 1394 1232 139

475 1355 668 1444 Anglorum,
676 1359 936 1440 ceterarumque
946 1352 1391 1440 provinciarumincircuitu
1417 1364 1557 1419 abaco.

475 1458 721 1545 persistentium
743 1458 924 1543 primatum
951 1456 1072 1543 regalis
1105 1455 1276 1542 regiminis
1309 1443 1557 1563 obri-{gmsdd

473 1582 565 1640 nens,
587 1560 759 1625 literarum
782 1559 933 1645 apicibus
956 1558 1185 1624 commendare
1208 1556 1393 1643 procuravi,
1407 1527 1539 1655 tremelio

475 1684 517 1728 ne
538 1667 598 1728 aut
619 1662 748 1728 incuria
769 1682 989 1727 successorum
1011 1682 1167 1738 meorum,
1183 1665 1243 1724 aut
1264 1658 1394 1723 invidia
1407 1647 1550 1697 conanum,

474 1765 626 1850 quadam,
647 1769 707 1829 aut
728 1763 878 1851 perfidia,
901 1783 975 1827 mea
997 1761 1088 1827 dicta
1102 1762 1156 1826 vel
1177 1761 1266 1826 facta
1288 1759 1394 1825 firturi

394 1852 397 1857 ’
474 1888 624 1933 successu
645 1867 804 1952 temporis
826 1869 1048 1952 negarentur;
1083 1864 1183 1929 etad
1205 1867 1393 1929 controver-

474 1970 557 2035 siam
579 1969 661 2033 meis
684 1965 943 2034 successoribus¹
968 1966 1102 2031 demum
1124 1965 1270 2051 aliquam
1285 1987 1394 2030 macu-

473 2071 540 2136 lam
555 2070 762 2158 contagionis
778 2070 932 2136 devenire
954 2074 1096 2155 possunt
1108 2067 1130 2146 32
1151 2068 1240 2154 quod
1258 2090 1392 2133 consen-

475 2174 636 2239 tientibus
667 2172 830 2238 nobilium
863 2193 1011 2237 meorum
1042 2171 1239 2257 agminibus,
1270 2171 1393 2257 episco-

476 2298 600 2363 porum,
623 2276 792 2353 comitum,
808 2280 1068 2360 caeterorumque
1083 2274 1231 2339 fidelium
1245 2273 1391 2351 testium,

476 2378 657 2445 venerabili
680 2378 816 2444 familiae
832 2374 1044 2463 Wyntoniae³
1067 2376 1222 2452 civitatis,
1237 2399 1311 2462 quse
1333 2377 1392 2440 ha·

475 2482 563 2547 bitat
584 2482 621 2545 in
643 2481 844 2546 monasterio
867 2481 957 2566 quod
983 2479 1106 2544 ibidem
1130 2479 1317 2544 dedicatum
1340 2483 1391 2544 est

477 2582 548 2648 Deo
570 2587 605 2649 et
628 2587 743 2649 sancto
776 2582 874 2647 Petro
904 2581 1072 2669 Apostolo,
1104 2581 1230 2646 donans
1264 2582 1393 2648 donabo

477 2686 647 2773 perpetuis
669 2686 873 2772 temporibus
903 2706 982 2749 xxx.
1014 2704 1147 2748 mansas
1176 2683 1296 2748 inille
1322 2684 1393 2750 loco

478 2788 537 2852 ubi
574 2787 725 2854 ruricolae
763 2787 966 2874 appellativa
1003 2786 1163 2851 relatione
1199 2792 1395 2873 nuncupant

478 2889 653 2977 Pevesyge,
678 2895 842 2975 quatenus
871 2889 929 2953 illa
959 2888 1098 2975 praefata
1125 2887 1251 2953 familia
1273 2889 1395 2955 habeat

478 2992 664 3058 condictam
688 2998 821 3068 terram,
844 3014 904 3077 pro
934 2990 1161 3076 redemptione
1190 2991 1394 3076 piaculorum

478 3093 583 3181 patris
604 3094 671 3160 mei
682 3117 684 3121 ·
695 3092 872 3159 Edwardi⁴
894 3094 991 3179 regis,
1006 3115 1080 3157 cum
1096 3093 1249 3158 omnibus
1263 3116 1337 3179 quae
1351 3097 1396 3161 ad

477 3198 586 3284 ipsum
608 3196 716 3263 locum
734 3196 901 3283 pertinere
923 3196 1170 3283 dignoscuntur,
1185 3200 1256 3259 tam
1278 3195 1314 3260 in
1337 3218 1396 3262 no-

478 3301 522 3365 tis
544 3299 650 3365 causis
673 3299 791 3385 quam⁵
814 3299 949 3385 ignotis,
973 3297 1009 3361 in
1033 3296 1169 3362 modicis
1192 3303 1227 3362 et
1249 3298 1281 3362 in
1304 3320 1394 3385 mag-

479 3402 540 3482 nis,
564 3402 697 3487 campis,
728 3402 868 3488 pascuis,
894 3400 1007 3486 pratis,
1037 3399 1139 3476 silvis,
1172 3399 1396 3486 silvarumque

479 3503 707 3569 densitatibus.
768 3502 822 3568 Sit
846 3509 959 3567 autem
983 3501 1181 3588 praedictum
1201 3524 1259 3566 rus
1281 3524 1395 3589 perpe·

479 3612 539 3671 tua
567 3606 723 3670 libertate
749 3605 893 3670 liberum
915 3604 958 3669 ab
981 3603 1073 3669 omni
1103 3603 1266 3668 mundiali
1295 3626 1395 3671 censu

479 3713 514 3773 et
550 3708 654 3794 regali
692 3707 867 3787 coactione,
899 3712 1036 3793 excepto
1075 3707 1241 3771 communi
1275 3707 1397 3789 labore,

478 3811 697 3896 expeditione,
722 3810 833 3900 pontis
856 3810 983 3874 arcisve
1009 3809 1275 3875 coaedificatione.
1322 3810 1397 3876 Hoc

480 3919 591 3977 autem
628 3917 777 3997 tempore
822 3911 1027 3976 cachinantis
1071 3912 1187 3976 nenias
1229 3912 1397 3977 subdolosi

478 4013 576 4098 hujus
606 4014 717 4078 saeculi
747 4013 983 4100 intelliguntur
1012 4014 1182 4078 interdum
1217 4014 1393 4094 inchoasse,

363 4133 366 4141 '
477 4115 621 4180 alienum
644 4117 772 4179 lucrum
795 4113 1008 4200 usurpative⁶
1029 4136 1103 4180 cum
1127 4115 1309 4180 ambitione
1331 4116 1397 4179 ini-

481 4217 619 4303 quitatis
653 4217 836 4294 vendicare,
872 4217 928 4281 sed
962 4223 1131 4302 torpentes
1163 4218 1314 4281 avaritiae
1348 4220 1398 4282 in-

479 4340 585 4383 cessus
608 4318 795 4383 omnimodo
818 4319 853 4382 in
877 4319 1009 4383 nomine
1033 4329 1071 4404 ,ξ-
1090 4321 1172 4405 agiae
1197 4323 1235 4398 ἦ·
1250 4319 1398 4383 araconis

482 4420 524 4484 ab
546 4421 700 4485 omnibus
724 4420 924 4485 Christianis
946 4420 1116 4486 interdico,
1163 4421 1219 4485 Ita
1233 4427 1272 4484 ut
1287 4442 1398 4485 meum

483 4522 606 4588 donum
622 4523 869 4588 corroboratum
885 4524 929 4588 sit
945 4545 1020 4589 cum
1036 4527 1074 4602 ’1-
1084 4525 1252 4611 signaculo
1276 4532 1398 4592 sanctae

377 4777 384 4807 ¹
396 4774 585 4842 successoribus]
599 4774 655 4827 MS.
669 4775 741 4825 reads
757 4789 853 4828 succes·
934 4774 943 4801 ⁴
955 4772 1091 4839 Edwards]
1112 4774 1182 4838 Orig.
1202 4774 1308 4825 Charter
1326 4775 1400 4824 reads

344 4855 462 4906 sionibus.
898 4850 1066 4901 Eaaelcoeurdr‘.

371 4934 503 5000 ’possum
516 4932 582 4984 coa.
590 4933 851 4997 MSresdspolerunl.
931 4932 1037 4996 ⁵qaam]
1047 4932 1129 4995 orig.
1143 4931 1247 4982 Charter
1258 4933 1329 4981 reads
1341 4940 1371 4982 ee.

373 5015 383 5044 ¹
402 5013 547 5079 Wyalonioe]
567 5013 638 5077 on'g.
657 5012 765 5064 Charter
779 5013 851 5061 reads
930 5008 1039 5059 sincrum
1059 5010 1213 5075 usurpative]
1235 5008 1306 5073 Orig.
1319 5010 1399 5061 Char-

355 5091 497 5142 wentoniae.
897 5096 934 5139 ter
945 5091 1017 5138 reads
1029 5090 1126 5138 lucrum
1135 5087 1184 5137 sibi
1194 5088 1347 5150 usurpative.
