3817 6450
506 1160 527 1222 4
881 1169 983 1219 ranan
1007 1168 1052 1217 na
1076 1167 1181 1218 iruna

505 1361 579 1425 dem
614 1360 723 1424 victus
755 1377 888 1422 anorum
921 1360 1114 1442 magnatum
1146 1355 1299 1433 consiliis,
1335 1353 1553 1422 sententiavit

507 1464 593 1550 ipsas
616 1483 674 1549 pro
697 1467 853 1548 perpetuo
876 1459 965 1523 mitti
991 1460 1024 1523 in
1048 1458 1192 1524 exilium.

551 1564 639 1645 Quid
672 1563 801 1628 multat
858 1561 1000 1627 Paratur
1032 1561 1156 1627 interea
1190 1561 1284 1625 navia
1318 1561 1553 1648 dispositisque

507 1668 648 1754 ipsannn
665 1666 746 1731 vitm
764 1664 953 1730 necessariis
970 1665 1004 1728 in
1021 1685 1109 1728 snare
1133 1664 1415 1730 transmittuntur.
1462 1659 1553 1728 tlara

507 1769 641 1834 tandem
671 1767 750 1833 dum
782 1767 840 1831 diu
870 1767 1041 1844 sulcarent,
1065 1771 1285 1854 pervenerunt
1315 1765 1357 1831 ad
1387 1765 1553 1852 quandam

507 1871 654 1947 insulam,
688 1869 832 1935 humano
866 1869 983 1934 solatio
1016 1891 1074 1955 per
1105 1869 1216 1933 omnia
1249 1867 1453 1934 destitutam.
1499 1865 1553 1932 Ad

507 1996 605 2061 quma
628 1973 839 2059 applicantes,
863 1970 1144 2036 consentientibus
1167 1970 1292 2036 ceteris
1315 1969 1489 2046 sororibus,
1511 1967 1554 2034 ab

508 2077 632 2141 Alisina
654 2074 881 2162 primogenita,
897 2095 971 2159 qum
994 2074 1147 2160 primitus
1170 2074 1315 2138 omnium
1340 2073 1480 2138 basulam
1505 2071 1555 2136 in·

508 2199 618 2264 grcsm
640 2183 698 2254 est,
713 2197 831 2241 nomen
847 2173 982 2260 rllbyon
1005 2175 1114 2241 insula
1136 2175 1206 2241 lmc
1227 2175 1345 2240 sortita
1367 2185 1424 2240 cst.
1472 2173 1556 2256 Qua·

509 2280 661 2344 mulieres
683 2278 895 2365 perlongum
913 2285 1041 2363 tempus
1066 2278 1227 2343 mdicibus
1250 2278 1424 2342 herbarum
1447 2283 1483 2342 ct
1504 2299 1556 2342 ar·

509 2382 624 2446 lanum
647 2380 807 2446 fructibus
825 2379 1034 2444 victitabant.
1081 2380 1221 2444 llcnnnn
1238 2379 1279 2444 nd
1295 2379 1435 2445 lautiora
1450 2385 1486 2445 et
1500 2377 1556 2444 dc·

510 2484 658 2548 liuttinra
695 2505 728 2546 sc
765 2481 966 2547 otnfercntes
998 2480 1128 2559 cibaria,
1164 2480 1326 2558 videlicet,
1364 2482 1405 2547 ad
1443 2502 1557 2547 carnes

510 2586 651 2650 seranum
667 2583 924 2670 quadrupedum,
936 2584 1058 2656 avima,
1071 2591 1106 2650 ct
1121 2584 1317 2668 lmjusnnali,
1332 2584 1557 2672 canmlexione

511 2709 622 2752 carrina
662 2686 866 2760 increscente,
901 2684 1068 2772 [nitriis?]¹
1106 2686 1251 2752 hunmna
1284 2709 1383 2774 supra
1421 2687 1555 2752 modum

510 2789 708 2854 allectabant
738 2788 909 2866 consortia,
936 2787 993 2853 scd
1023 2788 1157 2854 ruinime
1189 2789 1337 2854 invenire
1368 2795 1556 2877 potuerunt

512 2890 608 2972 Quod
650 2911 792 2968 cernens,
836 2890 972 2955 lmnmni
1020 2892 1148 2978 goneris
1198 2891 1357 2967 inimicus,
1397 2891 1556 2969 diabolus,

511 2995 646 3081 spiritus
676 2992 810 3058 incubos
833 2992 932 3072 misit,
959 2993 1024 3079 qui,
1049 3015 1106 3081 per
1129 2994 1249 3060 divcrsi
1274 2994 1389 3060 mundi
1413 2993 1556 3072 diutule,

512 3097 657 3161 bumana
690 3101 925 3183 congregantes
960 3096 1093 3172 aerariam,
1128 3096 1344 3162 diversimode
1376 3104 1410 3163 ct
1441 3096 1557 3164 illicita

512 3199 623 3279 offusa,
647 3199 907 3287 accipientesque
929 3219 1065 3287 corpom
1087 3220 1183 3265 aerea
1206 3199 1418 3287 ingrcsaando
1440 3221 1559 3281 aerem,

512 3302 628 3368 divina
659 3302 881 3391 pennissionc,
905 3302 937 3366 in
963 3300 1066 3367 soram
1089 3302 1269 3381 hominum,
1292 3303 1385 3388 quasi
1411 3302 1559 3369 hermines

347 3424 463 3473 imarus-
511 3428 584 3470 cum
617 3405 782 3493 pandictis
812 3404 934 3491 reginis
963 3405 1216 3470 concubuerunt.
1264 3404 1314 3469 Ex
1337 3404 1457 3491 quibus
1486 3404 1558 3471 nati

344 3490 488 3621 mm*
512 3514 590 3572 aiant
612 3508 771 3593 gigantes,
802 3528 939 3593 quorum
973 3528 1057 3572 unus
1087 3507 1196 3573 dictus
1225 3515 1276 3573 est
1299 3506 1500 3595 (luguriam,
1524 3516 1558 3575 et

346 3608 597 3701 ‹anquandaliua
622 3608 818 3696 Lnngrigan,
848 3631 921 3674 cnm
952 3608 1103 3694 pluribus
1133 3610 1215 3685 aliia,
1238 3631 1318 3697 (quos
1341 3632 1454 3675 onmcs
1477 3610 1558 3675 Bru·

345 3692 480 3821 ffiffl
513 3718 575 3788 tus,
601 3711 635 3774 in
659 3711 743 3776 lumc
766 3719 887 3776 terram
910 3711 1056 3786 veniens,
1080 3711 1172 3777 vitali
1197 3712 1267 3777 line
1290 3712 1446 3799 privavit.
1492 3712 1558 3793 Qui

514 3813 646 3899 quidem
670 3814 804 3891 Brutus,
827 3835 901 3878 mun
926 3813 1156 3878 innumerabili
1185 3816 1339 3891 exercitu,
1363 3816 1447 3880 linum
1470 3814 1559 3881 insu·

515 3916 580 3980 lam
615 3915 818 4002 conquirens,
841 3924 874 3981 ct
907 3915 941 3980 in
975 3916 1088 3981 cadem
1121 3939 1270 4004 regnans,
1294 3940 1315 3982 a
1338 3919 1469 3983 nominc
1499 3936 1560 3983 suo

515 4018 707 4104 pnrdictam
743 4017 882 4082 insulam
921 4018 1129 4084 Britanniam
1168 4019 1362 4107 appellabat
1418 4030 1458 4085 Et
1482 4036 1678 4107 postmgfl.

515 4120 633 4175 naculum
652 4120 680 4174 in
700 4120 793 4191 ipsam
811 4130 919 4175 tarsum
942 4120 1103 4176 Saxonibua
1131 4123 1342 4194 applicantibus
1361 4140 1394 4178 nc
1413 4124 1561 4193 regrmnli·

516 4213 580 4275 laus,
603 4214 665 4267 sinc
684 4214 720 4268 ab
745 4213 860 4283 ringeln
883 4213 993 4283 ragina.
1018 4214 1174 4269 clarissimi
1205 4215 1288 4271 duria
1320 4218 1466 4273 Saxonum
1489 4216 1559 4279 illia.

516 4304 871 4375 vsu·actasta1rglia,²nt
894 4298 1011 4363 recitat
1036 4298 1229 4386 Ranulplms
1252 4298 1435 4367 Castrensis
1451 4301 1484 4367 in
1501 4322 1561 4367 suo

517 4395 793 4481 I’ntyclounicon,
818 4397 901 4464 libro
923 4400 1037 4487 primo,
1061 4401 1205 4488 capitulo
1228 4424 1323 4469 nono.

561 4500 685 4564 Brutus
707 4501 858 4583 regnauit
881 4502 915 4566 in
940 4502 1024 4567 barm
1047 4510 1179 4582 terram,
1203 4512 1281 4570 antc
1304 4506 1561 4572 incarnationem

517 4601 640 4667 Christi
672 4602 767 4667 aratris
798 4602 939 4668 millenia
969 4606 1115 4671 centanis
1146 4607 1283 4693 triginta
1308 4630 1384 4685 una»,
1407 4616 1446 4675 ut
1468 4614 1563 4697 pretet

551 4896 557 4925 ¹
571 4887 635 4937 'thia
647 4888 715 4937 sord
727 4886 749 4936 ia
761 4888 848 4937 almost
865 4888 1012 4940 obliterated
1064 4893 1096 4941 ab
1108 4893 1218 4959 Aspida,
1230 4896 1276 4946 tac.
1299 4896 1398 4955 (llsle's
1409 4896 1498 4963 ιειις
1512 4902 1564 4959 la.)

517 4967 542 5015 iu
554 4967 596 5015 ahc
608 4966 664 5015 tls,
1066 4972 1148 5023 (lala
1174 4973 1287 5031 lt'naa..
1311 4976 1353 5025 liu.
1372 4976 1387 5024 i.
1407 4990 1429 5025 e.
1448 4982 1480 5025 aa
1501 4978 1564 5037 (tal.

544 5050 552 5075 ²
566 5046 674 5109 lligdcn.
685 5044 803 5095 licinum
813 5046 1012 5097 Saxouitrmire
1064 5056 1116 5113 ³8).

519 5122 622 5191 Augilis.
641 5162 647 5173 .
666 5134 771 5179 ‚rania
787 5134 826 5177 ut
837 5126 942 5193 ΑυςΙίι,
959 5127 1012 5177 alae
