3817 6450
776 1170 962 1218 aperimur.
1219 1149 1223 1157 '
1328 1156 1392 1218 295

346 1360 448 1424 nullis
493 1361 694 1440 muneribus,
724 1382 783 1425 nec
824 1366 958 1446 propter
998 1360 1272 1446 consanguineam
1310 1360 1396 1445 regis

348 1463 519 1527 Iuditham
535 1463 667 1527 nomine
683 1463 773 1548 pacis
796 1463 892 1539 dotae,
911 1469 949 1526 ut
964 1462 1079 1539 fertur,
1096 1463 1161 1526 sibi
1176 1464 1393 1547 conjunctam,

347 1570 412 1633 nisi
434 1570 625 1633 simulatam
651 1592 725 1633 curn
750 1591 827 1655 rege
853 1569 1003 1655 potuerit
1028 1569 1149 1633 habere
1179 1569 1394 1634 concordiam.

347 1677 497 1761 Denique
530 1676 570 1740 de
603 1676 830 1760 conjuratione
862 1677 1023 1739 adversus
1057 1697 1168 1762 regem
1190 1675 1280 1741 facta
1302 1698 1396 1740 accu-

346 1789 446 1858 satus,
481 1784 645 1847 confessus
679 1789 729 1846 ost
757 1788 856 1867 atque
886 1782 1065 1868 judicatus,
1097 1782 1215 1847 dehine
1249 1782 1285 1846 in
1319 1804 1397 1868 pace

347 1891 506 1955 dimissus.
554 1892 640 1955 Item
675 1889 905 1974 conjuratione
927 1889 1017 1954 facta
1049 1912 1088 1953 ac
1115 1890 1256 1966 devicta,
1282 1912 1397 1954 secun·

349 1998 427 2061 dum
458 1997 546 2084 leges
578 1997 765 2084 Anglorum
797 2001 832 2060 et
865 1996 1039 2072 Dacorum,
1066 1996 1155 2082 apud
1189 1996 1396 2060 Londoniam

348 2107 398 2164 ost
432 2102 614 2164 damnatus.
673 2100 754 2163 Mox
777 2105 890 2164 autem
918 2100 1038 2163 carceri
1070 2100 1278 2185 mancipatus
1307 2104 1398 2163 totus

349 2207 553 2271 convertitur
575 2208 619 2270 ad
643 2207 834 2284 Dominum,
846 2205 992 2291 jejuniis,
1016 2205 1169 2282 lacrimis,
1192 2205 1398 2290 assiduisque

349 2314 553 2378 orationibus
587 2313 728 2378 intensis
762 2314 929 2389 insistens,
951 2315 1090 2396 oratque
1113 2311 1313 2397 suppliciter,
1342 2313 1398 2376 sed

351 2422 485 2485 minime
507 2421 674 2504 impetrat,
699 2421 787 2505 quod
823 2420 933 2506 ipsum
956 2440 1068 2504 regem
1092 2424 1207 2504 postea
1229 2418 1399 2504 poenituit,

352 2532 391 2591 ut
420 2528 600 2591 monachus
628 2526 700 2590 fieri
736 2526 848 2612 possit,
889 2525 1031 2610 denique
1064 2525 1202 2589 servitio
1239 2530 1399 2612 perpetuo

351 2629 538 2715 mancipari.
594 2629 712 2714 Itaque
742 2629 849 2713 capite
887 2632 1071 2704 truncatus,
1095 2648 1212 2713 corpus
1248 2628 1318 2713 ejus
1356 2627 1396 2691 ad

352 2731 517 2817 quandam
540 2731 708 2796 ecclesiam
731 2754 832 2816 quam
854 2730 1032 2794 maritimis
1058 2729 1148 2794 locis·
1169 2735 1400 2795 construxerat

352 2834 505 2912 defertur,
532 2835 708 2918 crebraque
731 2834 774 2897 ad
797 2833 982 2920 sepulcrum
1013 2831 1084 2915 ejus
1105 2854 1210 2917 usque
1228 2832 1336 2914 hodia,
1361 2837 1492 2899 utsol·8·

349 2936 455 3016 aiunt,
478 2937 565 3000 fiunt
581 2937 746 3000 miracula.

397 3040 494 3104 Alius
531 3062 662 3124 quoquc
700 3038 827 3115 extitit,
850 3059 970 3125 genere
1000 3037 1135 3123 quidam
1166 3038 1309 3119 infimus,
1343 3040 1401 3104 sed
1414 3043 1544 3121 Irme-

352 3143 463 3206 animo
497 3148 530 3205 et
562 3141 689 3205 viribus
712 3141 893 3228 precipuus,
910 3140 1071 3205 vocabulo
1095 3109 1557 3235 Herewardus,quit1¹1⁰gssgfffid¹

354 3251 520 3331 temptans
536 3245 702 3321 rebellare,
720 3244 882 3309 conducta
904 3244 1054 3329 undique
1077 3244 1189 3308 valida
1212 3267 1314 3310 manu
1336 3268 1402 3310 me·
1415 3244 1441 3292 in
1453 3243 1497 3293 the
1507 3243 1558 3292 lile

354 3348 539 3412 ‹literranea
571 3348 703 3434 Anglim
734 3346 814 3426 loca,
837 3348 873 3410 in
905 3368 1045 3431 quorum
1070 3346 1246 3432 paludibus
1273 3310 1510 3412 delites-‘'fffly’

353 3451 455 3528 orbat,
480 3451 533 3514 die
556 3455 591 3514 et
614 3455 711 3514 nocte
736 3449 824 3514 caede
847 3453 881 3513 et
904 3449 1023 3535 rapina
1058 3451 1253 3536 complebat.
1309 3451 1404 3516 Inter

355 3559 472 3618 crotera
501 3558 613 3617 autem
648 3552 769 3617 scelera
802 3574 862 3615 sua
887 3551 1097 3617 Fredericum
1120 3575 1314 3639 germanum
1342 3553 1527 3639 Gallonius

355 3658 445 3721 mitis
468 3655 625 3720 Willelmi
648 3656 688 3720 de
712 3654 902 3733 Warennia,
926 3677 1046 3742 genere
1079 3660 1114 3720 et
1146 3657 1405 3742 possessionibus
1416 3630 1565 3687 radonem

357 3760 560 3845 insignitum,
583 3763 680 3822 nocte
703 3759 845 3843 quadam
879 3758 915 3821 in
949 3759 1047 3823 domo
1070 3758 1204 3844 propria
1235 3759 1406 3823 fraudibus
1416 3694 1575 3820 lliffid

356 3864 616 3925 circumventum
632 3861 758 3925 occidit.
799 3860 863 3924 Pro
881 3859 973 3945 cujus
988 3881 1067 3924 nece
1079 3865 1184 3926 tantae
1200 3861 1406 3947 interipsum
1418 3829 1534 3949 ipim

358 3970 391 4029 ot
413 3963 606 4049 pradictum
629 3962 833 4026 Willelmum
857 3967 938 4027 ortae
962 3968 1041 4027 sunt
1064 3964 1245 4042 discordiae,
1262 3965 1408 4030 utnulla

358 4066 582 4130 satisfactione
617 4066 708 4128 nulla
738 4066 828 4150 regia
857 4066 1030 4150 potuerint
1060 4065 1231 4150 quiescere.
1288 4067 1408 4133 Fertur

358 4169 498 4253 donique
537 4169 614 4252 quia
649 4167 749 4232 semol
787 4189 861 4230 cum
899 4167 1064 4251 quoddam
1102 4174 1245 4233 castrum
1282 4170 1408 4234 virtute

358 4271 458 4335 vellet
481 4272 670 4356 irrumpere,
688 4292 748 4334 nec
770 4272 887 4355 posset,
904 4274 1074 4333 mortuum
1097 4292 1131 4336 se
1153 4271 1305 4351 finxerat,
1329 4272 1408 4337 fere-

360 4383 474 4458 troque
498 4373 688 4457 impositum
706 4396 779 4438 cum
804 4372 913 4436 fallaci
936 4371 1030 4437 luctu
1053 4374 1095 4438 ad
1118 4375 1284 4440 ecclesiam
1307 4375 1409 4462 ipsius

360 4477 457 4539 castri
488 4476 628 4539 incautis
659 4475 903 4540 habitatoribus
934 4473 1052 4540 deferri
1089 4477 1311 4562 sepeliendum
1337 4476 1409 4562 jus·

360 4584 454 4641 serat.
517 4577 595 4640 Mox
631 4583 670 4640 ut
704 4578 826 4641 securis
857 4577 990 4640 illatum
1016 4575 1263 4669 animadvertit,
1289 4578 1409 4645 feretro

361 4687 451 4744 totus
485 4686 632 4744 armatus
668 4679 805 4744 exsiluit
828 4685 1037 4768 castrumque
1050 4675 1134 4745 'cum
1167 4682 1411 4747 habitatoribus

362 4784 524 4847 fallaciter
540 4782 739 4869 subjugavit.
787 4782 867 4847 Post
883 4783 1006 4847 multos
1029 4783 1169 4868 denique
1192 4784 1296 4848 cades
1311 4789 1410 4870 atque

362 4884 549 4957 seditiones
576 4886 684 4947 multa
724 4883 815 4970 pacis
850 4883 977 4950 foedera
1017 4906 1092 4949 oum
1131 4907 1207 4971 rege
1247 4885 1333 4950 facta
1377 4894 1412 4952 et

362 4989 536 5052 temerario
561 4988 694 5066 violata,
719 4987 863 5073 quadam
887 4988 940 5052 dic
964 5010 1037 5053 cum
1061 4987 1214 5052 omnibus
1244 4988 1339 5053 sociis
1370 4990 1412 5053 ab

362 5092 514 5155 hostibus
532 5091 777 5155 circumventus
800 5090 1030 5155 miserabiliter
1045 5089 1206 5155 occubuit.
1251 5089 1414 5158 Praeterea
