3817 6450
793 1182 967 1232 nausson(
993 1184 1022 1232 n.
1335 1173 1399 1239 321

351 1367 498 1454 quietam
522 1373 556 1433 et
578 1368 765 1433 absolutam
781 1375 941 1455 perpetuo
957 1370 1124 1450 concedat,
1140 1375 1175 1436 et
1197 1392 1271 1437 eum
1287 1372 1402 1436 eodem

351 1477 445 1558 patro
467 1495 526 1538 suo
554 1472 784 1538 Jerosolimam
807 1478 921 1559 petens
945 1474 1006 1538 sub
1024 1474 1241 1560 jurejurando
1264 1475 1401 1562 promit-

350 1581 402 1640 tat
416 1597 588 1660 nunquam
603 1597 637 1640 se
653 1575 792 1640 ulterius
804 1574 827 1640 J
828 1575 913 1639 uiias
928 1576 1030 1663 Alpes
1041 1578 1191 1654 transire,
1199 1600 1260 1643 nee
1274 1577 1399 1642 malum

350 1678 452 1742 ulium
475 1678 663 1742 machinari.
709 1677 805 1757 Quod
825 1679 963 1742 audiens
990 1701 1049 1744 rex
1076 1679 1241 1745 Henrieus
1265 1680 1399 1767 respuit,

350 1781 521 1867 pecuniam
545 1803 622 1846 vero
645 1781 676 1845 ei
699 1780 878 1867 spopondit
905 1781 993 1848 dare.
1039 1782 1225 1848 Willelmus
1246 1805 1326 1849 vero
1349 1784 1399 1849 ira

350 1889 384 1948 et
414 1906 552 1950 moerore
583 1883 728 1949 affectus
743 1883 914 1970 respondit
941 1906 976 1949 se
1008 1907 1178 1971 nunquam
1201 1886 1272 1971 ejus
1302 1908 1398 1973 pecu·

349 1989 439 2053 niam
465 1989 618 2074 accipere,
656 2009 827 2072 nunquam
861 2009 936 2051 oum
967 2009 1005 2053 eo
1038 2010 1150 2075 paoem
1181 1990 1310 2067 habere,
1341 1990 1398 2055 sed

348 2114 445 2179 super
475 2113 572 2156 eausa
592 2112 651 2154 sua
674 2089 816 2177 piissimi
839 2088 862 2154 J
864 2090 970 2156 udicis
995 2090 1255 2157 misericordiam
1285 2113 1399 2180 expec-

349 2200 436 2274 tare3
458 2194 541 2260 fiens
563 2192 667 2280 igitur
697 2198 731 2257 et
754 2192 882 2278 ejulans
905 2214 980 2258 oum
1005 2194 1118 2280 Helya
1147 2198 1259 2261 tutore
1282 2217 1342 2260 suo
1365 2200 1399 2261 et

348 2296 511 2363 militibus
535 2296 734 2381 quibusdam
750 2296 998 2374 strenuissimis,
1020 2296 1078 2383 qui
1100 2319 1308 2384 nequaquam
1325 2320 1398 2364 eum

348 2423 423 2487 rege
448 2401 591 2465 Henrico
617 2404 772 2485 poterant
794 2398 997 2477 coneordare,
1022 2399 1161 2465 recessit.

392 2505 464 2568 Rex
502 2503 643 2588 denique
673 2500 732 2565 ubi
763 2501 926 2566 industria
954 2506 989 2566 et
1018 2502 1157 2588 pecunia
1193 2524 1254 2568 sua
1287 2524 1399 2590 paoem
1411 2516 1551 2569 Embarkn·
1609 2515 1617 2530 ·

348 2606 495 2671 restituit
518 2627 592 2670 cum
616 2603 722 2668 multo
755 2603 923 2690 triumpho
957 2609 991 2669 et
1024 2605 1146 2691 gaudio
1174 2606 1211 2670 in
1241 2606 1398 2693 Angliam
1411 2583 1507 2700 ἓξὲξ

348 2709 460 2772 venire
484 2706 653 2792 disposuit,
671 2706 726 2770 sed
744 2704 834 2771 Deus
850 2706 1066 2793 omnipotens,
1084 2708 1150 2794 qui,
1174 2708 1259 2773 siout
1281 2708 1398 2774 boatus
1411 2716 1526 2767 Wffliam

347 2811 370 2876 J
373 2811 414 2876 ob
430 2812 486 2888 ait,
503 2818 521 2844 “
531 2809 690 2875 Balteuot
704 2829 825 2892 aequm
840 2807 1002 2886 dissoluit,
1017 2808 1080 2896 [et]
1104 2809 1290 2897 praeoinpit
1307 2810 1398 2897 sune
1410 2782 1535 2916 ἓξὲξ,

346 2937 442 2980 senes
472 2909 639 2988 eoaum,''¹
664 2911 794 2977 devicto
817 2933 875 2976 suo
894 2911 1020 2997 judicio
1047 2911 1206 2998 gaudium
1230 2913 1299 2999 ejus
1322 2934 1397 2979 con·
1410 2916 1530 2982 foenug-

347 3018 448 3082 vertit
464 3018 498 3080 in
515 3037 687 3079 moerorem
703 3019 738 3079 et
753 3014 925 3079 victoriam
940 3014 977 3078 in
991 3014 1185 3096 tristitiam3
1200 3016 1397 3082 descendens
1410 2983 1478 3100 ἓξὲξ
1484 2983 1559 3100 ddnih

347 3121 434 3186 onim
458 3143 530 3185 cum
555 3117 684 3183 duobus
706 3116 784 3181 filiis
806 3117 874 3182 suis
889 3116 1057 3182 Willelmo
1078 3122 1113 3183 et
1125 3117 1275 3198 Rieardo,
1298 3123 1397 3205 atque
1410 3116 1524 3181 byship

347 3222 534 3288 Theobaldo
550 3222 670 3287 comite
686 3219 831 3286 Blesensi
854 3222 974 3306 nepote
998 3242 1065 3298 suo,
1090 3221 1260 3307 multaque
1282 3182 1565 3309 paren-Xffim

347 3335 419 3391 tum
454 3334 488 3391 et
522 3347 692 3414 procerum
727 3323 914 3408 frequentia
952 3323 995 3387 ad
1032 3328 1165 3410 portum
1203 3323 1303 3388 maris
1341 3324 1399 3410 qui

348 3430 512 3493 Barbatus
539 3427 699 3493 Fluetus²
731 3427 863 3507 dicitur,
895 3430 1025 3492 statuta
1064 3426 1116 3491 die
1147 3448 1267 3492 navem
1296 3427 1398 3515 eoepit

347 3532 569 3611 conscendere,
592 3530 702 3596 ventis
725 3535 760 3594 et
783 3528 866 3593 mari
888 3550 1040 3617 prospere
1062 3528 1259 3596 faventibus
1322 3580 1330 3596 .

666 3759 749 3849 [Tae
764 3767 829 3826 reat
843 3758 877 3826 ie
891 3759 1074 3846 sensatim]

381 3972 386 4002 ¹
399 3972 459 4021 Job.
471 3971 516 4020 xii.
532 3977 568 4021 18.
896 3977 949 4019 tum
963 3990 970 4029 ς
988 3968 1165 4029 Euboeam
1183 3970 1222 4020 ie.
1234 3967 1358 4035 Barfieur
1368 3971 1396 4022 in

380 4048 530 4099 wartona
561 4048 678 4115 Fluctus]
720 4049 850 4101 Baroflue·
894 4048 1053 4114 Normsndy.
