3817 6450
729 1188 831 1237 arnan
854 1188 900 1237 aa
924 1186 1030 1237 uros.
1361 1179 1403 1240 33

352 1379 465 1436 coelcsti
490 1379 633 1450 magistro
657 1383 846 1451 propagatam
868 1385 956 1449 atque
976 1378 1121 1443 diffusam,
1142 1394 1200 1433 uon
1221 1379 1401 1450 superfluum
1415 1378 1484 1431 Ab.
1497 1384 1569 1433 8⁸5?
1671 1392 1674 1400 '

352 1471 381 1519 et
392 1464 507 1528 inutile,
527 1464 578 1519 sed
590 1462 773 1520 commodum
786 1468 815 1518 et
828 1463 944 1517 salubre
958 1462 1111 1526 duxerunt,
1127 1480 1246 1517 suarum
1266 1463 1401 1534 epistola·
1413 1455 1508 1508 Efforu
1520 1461 1550 1509 of

351 1567 415 1604 rum
440 1548 553 1604 crebris
578 1547 849 1603 commonitionibus
874 1546 977 1601 fideles
1002 1546 1161 1618 perfectius
1186 1547 1349 1611 instituere,
1371 1523 1569 1642 etssgfgfflch

351 1636 381 1690 in
391 1634 448 1690 fide
460 1652 531 1690 vera
544 1634 666 1689 solidius
679 1634 858 1697 confirmare,
873 1633 1081 1702 tramitemque
1094 1632 1213 1702 rivendi
1227 1638 1256 1687 et
1267 1651 1399 1687 normam
1412 1657 1545 1708 formation

351 1720 502 1791 religionis
515 1720 557 1774 eis
570 1714 764 1773 abundantius
777 1717 959 1772 contradere.
997 1716 1197 1771 Nihilominus
1211 1723 1241 1771 et
1252 1717 1324 1788 ipsa,
1337 1718 1399 1772 sive
1412 1723 1442 1773 os
1448 1726 1546 1777 abuses.

351 1804 480 1860 adversis
505 1803 673 1867 exercitata,
700 1802 761 1856 sive
781 1802 929 1873 prosperis
949 1802 1086 1865 enutrite,
1107 1818 1255 1872 nunquam
1273 1802 1399 1857 cessavit

350 1888 507 1943 utilitatem
531 1887 658 1941 filiorum
683 1903 755 1957 quos
778 1886 922 1957 quotidie¹
945 1885 1064 1941 Christo
1080 1886 1207 1956 parturit
1228 1887 1396 1957 exquirere;

351 1989 508 2044 eorumque
527 1972 700 2043 profectum,
724 1971 786 2027 sive
806 1971 945 2043 privatim
971 1970 1033 2025 sive
1057 1970 1184 2041 publice,
1210 1970 1279 2041 igne
1299 1970 1397 2027 Sancti

351 2055 478 2128 Spiritus
497 2056 685 2120 inflammata,
712 2063 910 2127 augmentare.

384 2141 462 2196 Hinc
488 2147 557 2196 sunt
580 2139 710 2205 consilia,
742 2158 799 2195 non
830 2139 926 2194 solum
957 2155 992 2192 ex
1021 2138 1126 2200 ricinis
1157 2138 1325 2194 civitatibus
1350 2141 1398 2195 vel

349 2226 506 2297 provinciis
526 2224 596 2281 sed¹
615 2224 703 2280 ctiam
724 2223 785 2294 jam
809 2241 845 2278 ex
868 2223 1072 2279 transmarinis
1092 2223 1270 2293 regionibus,
1290 2225 1397 2281 totiens
1425 2266 1428 2273 .

349 2316 504 2365 contracta.
543 2308 620 2364 Hinc
645 2307 795 2380 synodalia
820 2308 946 2371 decreta,
969 2308 1076 2378 saepius
1098 2307 1184 2362 edita.
1221 2307 1298 2363 Hinc
1321 2312 1397 2365 sacri

349 2412 479 2458 canones,
504 2393 610 2448 Sancto
633 2391 747 2464 Spiritu
768 2392 876 2447 conditi
895 2399 925 2446 et
946 2391 1124 2456 consecrati;
1152 2392 1258 2462 quibus
1278 2400 1308 2447 et
1325 2394 1397 2448 fides

350 2479 492 2534 catholica
514 2478 640 2532 maxime
661 2476 832 2542 roboratur;
863 2481 893 2530 et
911 2475 1117 2530 ecclesiastica
1138 2475 1218 2546 pacis
1239 2477 1335 2532 unitas
1355 2479 1397 2532 in-

349 2562 455 2617 violata
466 2560 651 2625 custoditur;
672 2577 784 2615 necnon
797 2559 867 2614 crdo
885 2558 967 2613 illius
986 2558 1106 2613 honeste
1124 2558 1304 2630 disponitur;
1325 2579 1397 2632 quos

349 2646 483 2719 equidem
508 2646 586 2700 sicut
610 2643 776 2716 transgredi
802 2644 880 2698 omni
906 2642 1076 2698 Christiano
1101 2642 1239 2698 illicitum
1266 2650 1327 2709 est3
1354 2646 1397 2699 sic

349 2731 491 2802 ignorare,
518 2730 643 2785 maxime
667 2729 783 2785 clericis
809 2735 839 2783 et
863 2727 1073 2792 sacerdotibus,
1104 2729 1221 2783 omnino
1252 2728 1398 2784 nefarium

349 2822 399 2871 est.
439 2814 569 2884 Quorum
594 2814 720 2869 salubris
745 2813 910 2868 observatio
932 2819 962 2866 et
983 2811 1123 2882 religiosa
1144 2829 1318 2883 semperque
1337 2831 1396 2869 am·

349 2900 487 2973 plcxanda
510 2899 639 2963 traditio,
667 2916 766 2969 quum,
789 2903 909 2969 propter
929 2914 1031 2951 causas
1054 2897 1189 2968 superius
1211 2906 1395 2964 memoratas,

349 2985 423 3056 apud
439 2992 557 3055 gentem
576 2989 714 3046 vestram,
733 2988 783 3037 aut
798 2999 856 3036 non
869 2981 995 3053 pleniter
1010 2982 1146 3045 innotuit,
1161 2987 1212 3037 aut
1225 3000 1259 3036 ex
1271 2985 1398 3039 maxima

345 3068 404 3139 jam
428 3075 511 3141 parte
532 3068 680 3139 refriguit,
704 3068 813 3139 optimo
833 3066 963 3131 consilio,
986 3072 1016 3121 et
1036 3072 1070 3121 ut
1089 3067 1236 3121 credimus
1255 3068 1396 3123 divinitus

349 3154 497 3227 inspirato,
533 3159 638 3207 vestr·
668 3151 857 3206 dominationi
883 3168 916 3205 ac
940 3151 1035 3221 regali
1064 3150 1275 3221 providentiis,¹
1299 3153 1396 3207 visum

348 3256 379 3294 ac
401 3239 544 3311 placitum
565 3238 631 3301 fuit,
655 3242 685 3292 et
706 3245 834 3292 nostram
855 3236 1030 3307 parvitatem
1052 3253 1140 3307 super
1160 3235 1214 3289 hoo
1232 3235 1393 3301 consulere,

348 3322 465 3377 etbeati
483 3320 613 3391 Remigii
630 3320 729 3376 sedem
746 3326 890 3392 expetere,
912 3319 996 3390 cujus
1015 3320 1129 3374 meritis
1146 3325 1234 3390 atque
1252 3319 1392 3385 doctriua,

349 3406 446 3462 eadem
465 3404 560 3468 sedes,
584 3405 650 3460 vel‘
669 3406 803 3469 ecclesia,
828 3422 916 3476 super
937 3422 1037 3459 omnes
1059 3403 1197 3459 ecclesias
1220 3403 1392 3471 Galliarum,

348 3507 381 3545 ex
403 3490 468 3560 ejus
492 3489 673 3560 temporibus
692 3490 770 3544 omni
790 3489 932 3559 religione
956 3496 985 3543 et
1006 3488 1138 3544 doctrina
1162 3506 1278 3561 semper
1296 3490 1395 3547 floruit

348 3580 375 3628 et
395 3573 541 3629 excelluit.
584 3572 624 3628 Et
648 3573 804 3644 quoniam⁶
825 3573 896 3628 talia
912 3591 930 3627 a
947 3573 1030 3628 nobis
1053 3573 1223 3644 quaesituri·
1246 3573 1392 3639 noluistis,

349 3658 428 3729 quasi
449 3658 595 3713 immunes
620 3663 651 3712 et
673 3675 761 3712 manu
783 3675 874 3712 vacua
904 3675 1054 3728 apparere,
1082 3656 1203 3729 dignata
1227 3665 1272 3714 est
1295 3667 1394 3714 vestra

348 3743 427 3814 regia
451 3741 611 3797 dominatio
641 3759 693 3796 nos
715 3741 840 3796 maximo
869 3759 1000 3806 munere,
1024 3747 1054 3797 et
1077 3743 1251 3798 necessario·
1267 3743 1393 3798 multum

347 3827 478 3899 tempori,
499 3832 529 3881 et
541 3844 669 3897 congruo
690 3826 761 3881 satis
782 3826 835 3890 rei,
858 3825 894 3880 de
916 3844 975 3896 qua
992 3827 1101 3897 agitur,
1119 3827 1280 3893 honorare;
1304 3846 1392 3899 super

349 3927 403 3981 qua
419 3928 462 3974 re,
483 3917 514 3965 et
531 3928 687 3981 supernam
706 3909 919 3980 providentiam
941 3909 1129 3975 admirantes,
1152 3912 1276 3967 nimium
1295 3912 1393 3966 lauda-

348 3995 449 4058 vimus,
476 3999 506 4048 et
529 4001 636 4049 vestra
660 3994 750 4062 regim
780 3994 986 4049 munificentiae
1017 3995 1144 4064 gratias²
1175 4013 1232 4051 nou
1262 3996 1449 4052 modicessol.
1464 4005 1516 4056 sd.

348 4078 509 4134 retulimus.

379 4163 504 4219 Misistis
529 4163 674 4233 siquidem
697 4163 779 4217 uobis
804 4163 874 4218 licet
898 4179 1054 4235 generosos
1079 4170 1109 4219 et
1133 4165 1266 4236 optimos,
1292 4173 1389 4221 tamen
1402 4178 1514 4230 ΝΜ,

348 4247 507 4320 corporales
526 4255 613 4319 atque
635 4247 773 4302 mortales
794 4265 889 4311 canes,
910 4248 947 4302 ad
967 4248 1139 4320 abigendam
1158 4251 1269 4304 rabiem
1289 4251 1389 4305 visibi·
1401 4245 1541 4324 giatqua

346 4331 415 4386 lium
433 4333 578 4404 luporum,
600 4332 714 4403 quibus,
741 4332 816 4386 inter
835 4339 940 4387 catera
958 4333 1083 4403 flagella,
1105 4333 1188 4403 justa
1205 4333 1260 4388 Dei
1275 4312 1559 4405 judioiomlbsshw‘

347 4415 427 4471 nobis
456 4417 555 4479 inlata,
576 4414 736 4486 plurimum
761 4416 889 4471 abundat
915 4417 1012 4487 patria
1038 4423 1156 4482 nostra;
1185 4424 1350 4487 quaerentes
1375 4437 1393 4472 a

347 4499 426 4556 nobis
447 4507 478 4556 et
495 4499 553 4571 ipsi
574 4517 659 4555 canes
678 4518 734 4555 non
755 4501 942 4571 corporales,⁸
963 4516 1020 4555 non
1037 4500 1111 4556 tales
1129 4500 1276 4565 videlicet,
1298 4502 1389 4572 quali-

350 4672 489 4682 ·—22-m-
503 4678 611 4682 -..m-i.
628 4677 876 4683 ,-...--..,,..-.
889 4677 1103 4685 five-⁴*

380 4787 386 4815 ¹
400 4787 467 4836 Both
479 4788 563 4847 MSS,
575 4788 668 4838 cotidie.
920 4792 929 4818 ⁵
942 4791 988 4849 Ib.,
1000 4807 1077 4853 qurum.

378 4865 388 4894 ³
399 4865 453 4916 MS.
466 4869 528 4916 adds
540 4875 570 4916 et.
921 4873 930 4898 ⁸
943 4871 1010 4919 Foru
1022 4870 1085 4925 lis..
1099 4877 1125 4917 ut
1142 4887 1219 4934 supr,
1232 4870 1294 4918 adds
1305 4885 1387 4933 urps·

379 4944 466 4994 'Ford
486 4946 550 5006 MS„
563 4948 629 5010 apud
641 4947 720 5010 Wise,
735 4947 842 5014 pruden-
887 4951 963 4998 titurr'.

349 5021 391 5070 tic.
921 5033 928 5056 ⁷
942 5029 988 5084 lb..
999 5036 1087 5090 prater.

379 5101 444 5162 ‘lb.,
456 5112 488 5155 ut.
919 5110 928 5137 ⁸
940 5108 1006 5156 Ford
1018 5107 1074 5158 MS.
1086 5108 1148 5157 adds
1159 5106 1201 5157 scd
1210 5103 1357 5170 spirituales.

1232 5206 1252 5254 C
