3817 6450
654 1170 760 1218 niusa
781 1170 829 1218 ns
851 1167 957 1219 ιιιιιι,
1285 1158 1328 1222 23

276 1368 362 1428 trem
386 1359 620 1448 Swythnnum,
643 1359 696 1423 cui
719 1359 812 1424 dedit
840 1358 1059 1446 praesulatum
1078 1357 1326 1445 Wyntoniensis
1340 1370 1471 1423 nicaenos

275 1465 493 1544 ecelesiaecu
455 1463 548 1549 cujus
569 1461 778 1549 providentia
800 1467 835 1527 et
858 1462 993 1527 consilio
1016 1461 1176 1527 decimam
1198 1439 1475 1557 partemssffiffi

275 1568 424 1634 omnium
447 1570 611 1632 terrarum
633 1566 670 1630 in
692 1563 845 1629 manibus
859 1564 928 1628 suis
943 1541 1168 1643 existentium,
1184 1565 1325 1631 ecclesiae
1340 1584 1409 1636 Ab.
1421 1590 1477 1637 ιιι.

274 1670 368 1735 dedit
405 1668 610 1756 Anglicanae,
639 1668 808 1755 perpetuis
842 1666 1048 1753 temporibus
1085 1667 1324 1754 possidendam.

275 1772 342 1853 Qui
378 1793 459 1837 vero
496 1770 722 1844 sanctissimus
760 1769 887 1835 Christi
919 1769 1083 1836 confessor
1117 1769 1325 1856 Swythunus
1339 1791 1495 1843 siswithin.

161 1882 164 1888 '
274 1896 378 1961 usque
401 1871 718 1959 impraesentiarum¹
743 1872 909 1937 miraculis
930 1872 1071 1988 gloriose
1094 1876 1249 1937 coruscat.

320 1977 408 2041 Nam
431 1975 532 2041 refert
556 1972 785 2039 Lantfredus
775 1997 811 2038 ιιι
833 1974 917 2039 libro
941 1976 1047 2059 primo
1069 1973 1120 2040 De
1138 1974 1324 2040 Miraculc's

150 2105 235 2156 „rm
271 2077 415 2207 gloriosi
439 2074 566 2145 aaran
567 2075 612 2143 tis
637 2074 829 2163 Scyllaei,
851 2098 947 2163 prosa
969 2099 1064 2157 nona,
1087 2085 1198 2141 “Dum
1232 2085 1326 2140 mund
1334 2099 1469 2167 episcopal

275 2181 458 2237 “Dominus
488 2198 523 2235 ac
555 2179 689 2235 Salvator
718 2179 839 2236 inclitus
869 2178 1041 2235 mirificaret
1071 2188 1204 2234 sanctum
1234 2197 1321 2234 suum
1334 2168 1470 2220 ⁰¹d11¹⁸¹²00

275 2268 294 2292 ‘⁴
313 2265 458 2337 prodigiis
477 2282 511 2319 ac
528 2264 699 2330 virtutibus,
718 2264 827 2335 prtesul
844 2264 1021 2319 venerabilis
1038 2261 1250 2329 Athelwoldns,
1270 2281 1321 2334 qur
1313 2236 1485 2353 ssffqng

275 2353 293 2377 “
315 2349 520 2421 Wyntoniensi
535 2354 661 2419 proeerat
674 2346 834 2412 dioecesis
826 2366 857 2402 in
875 2348 935 2403 illis
960 2347 1064 2403 diebus
1082 2347 1240 2419 imperavit
1263 2349 1321 2402 fra·
1334 2382 1406 2417 em,
1417 2377 1443 2419 a,
1455 2371 1491 2421 g,

274 2438 294 2463 “
314 2434 409 2490 tribus
427 2432 538 2488 ibidem
550 2432 805 2497 commorantibus,
819 2431 897 2503 quod
916 2431 1157 2503 quandocumque
1176 2432 1321 2503 quispiam
1335 2434 1465 2486 swithin's

275 2522 294 2546 ‘⁴
313 2536 404 2589 aeger,
430 2534 483 2589 per
509 2516 651 2572 virtutem
681 2516 800 2571 Domini
824 2523 854 2572 et
877 2517 1017 2576 meritum
1046 2517 1140 2572 sancti
1169 2517 1340 2582 antistitis,
1330 2494 1473 2563 l⁰¹¹¹bd
1423 2505 1473 2553 “nd

274 2603 299 2629 “
313 2602 459 2658 medelam
478 2601 608 2672 corporis
632 2606 683 2672 opt
671 2606 763 2657 tatem
780 2601 954 2672 perciperet,
968 2601 1102 2672 protinus
1120 2618 1220 2656 omnes
1239 2584 1341 2655 illius¹
1332 2635 1367 2699 by
1343 2571 1476 2685 ”ffifflm

275 2687 371 2742 “loci
397 2685 504 2741 fratres
530 2685 696 2740 necessaria
729 2684 937 2755 relinquerent,
966 2702 1089 2756 qnaeqne
1121 2684 1152 2738 in
1187 2684 1321 2744 manibus
1334 2703 1431 2752 monk,

275 2774 294 2797 “
313 2777 456 2834 tenerent,
476 2768 632 2824 ecclesiam
649 2768 765 2823 adirent
789 2774 819 2823 et
830 2769 982 2840 condigne
999 2768 1097 2823 Deum
1115 2768 1322 2863 glorificarent.

275 2858 294 2882 “
313 2854 431 2910 Accidit
448 2856 547 2908 autem
565 2858 600 2907 ut
619 2851 741 2922 quidam
759 2851 852 2907 illecti
870 2851 1035 2907 daemcnum
1053 2852 1207 2907 fraudibus
1226 2852 1324 2923 gravi·

274 2943 293 2967 “
310 2946 356 2994 ter
373 2939 494 3001 ferrent,
511 2936 590 3007 qnod
606 2941 667 2991 tam
686 2952 764 3007 soepe
782 2936 979 2991 excitarentur
996 2936 1033 2991 de
1050 2936 1201 2991 nocturnis
1219 2936 1324 3007 quieti·

275 3026 294 3051 “
313 3024 377 3088 bns,
406 3022 521 3078 scilicet
548 3019 706 3091 aliquando
737 3020 845 3086 tribus,
873 3020 1031 3092 aliqnando
1058 3025 1184 3091 quatuor
1209 3021 1241 3074 in
1265 3038 1323 3074 una

276 3111 294 3134 “
313 3114 396 3163 nocte
423 3106 549 3171 vicibus,
569 3121 603 3159 ao
622 3103 778 3160 suaderent
795 3110 917 3160 caeteros
943 3122 1034 3176 prave
1058 3104 1225 3175 relinquere
1244 3104 1323 3173 qnod

275 3196 294 3219 “
313 3193 373 3248 illis
408 3191 456 3264 pie
491 3191 667 3261 imperatum
699 3190 797 3245 inerat
829 3189 866 3245 ab
898 3206 1001 3245 eorum
1037 3189 1182 3261 pontifice.
1238 3187 1322 3256 Quod

224 3313 229 3325 ·
275 3282 294 3305 ‘⁴
313 3278 383 3333 dum
413 3277 528 3331 incaute
558 3275 635 3329 foret
662 3273 904 3345 praetermissum,
936 3274 1028 3328 ferme
1055 3290 1108 3345 per
1134 3273 1322 3328 intervallum

276 3365 295 3388 ‘⁴
314 3360 481 3432 quindecim
506 3359 631 3423 dierum,
661 3358 817 3413 condolens
847 3362 966 3431 sanctus
993 3357 1049 3412 Dei
1074 3357 1212 3420 famulus,
1244 3356 1322 3427 quod

276 3449 294 3473 ‘⁶
313 3447 419 3500 ιιιιιιι
431 3443 547 3514 ριιιιιιι
564 3441 684 3497 bonum
690 3440 936 3513 parvipenderent
954 3458 1037 3512 opus,
1057 3446 1088 3497 et
1104 3440 1240 3511 praesnlis
1258 3440 1322 3495 illo·
1334 3463 1378 3514 (οι
1388 3469 1403 3512 4
1415 3478 1438 3514 2

276 3533 294 3557 ‘⁴
313 3546 379 3584 rum
393 3526 576 3599 jussionibus
594 3543 652 3580 non
664 3525 909 3621 obtemperarent,
928 3543 983 3581 neo
1006 3524 1119 3581 debitas
1137 3525 1201 3601 Deo
1218 3523 1321 3580 laudes

275 3617 294 3640 ‘⁸
314 3612 521 3685 persolverent,
542 3608 636 3665 sedin
647 3610 825 3680 perniciosas
845 3609 960 3665 Satanae
978 3609 1129 3682 decipulas
1147 3592 1318 3675 inciderent,
1311 3639 1437 3704 ,Qud
1448 3640 1478 3689 os

275 3698 320 3724 ‘⁴
312 3695 490 3752 insomniis
514 3693 651 3765 apparuit
674 3692 800 3764 quadam
822 3699 907 3748 nocte
937 3693 1053 3748 cuidam
1076 3693 1237 3749 venerabili
1260 3711 1320 3748 ma·
1334 3707 1371 3756 St
1381 3706 1474 3757 ειήιι.

275 3784 294 3808 “
313 3789 413 3846 ιιοιιιι,
432 3779 519 3834 nivea
535 3777 661 3832 indutus
674 3777 791 3842 melote,
804 3794 838 3832 ac
858 3777 944 3833 talari
963 3784 1055 3841 veste,
1069 3794 1173 3874 gerens
1185 3795 1320 3834 coronam
1333 3772 1489 3853 in’sappear

275 3867 321 3892 ‘⁶'
313 3885 344 3920 m
371 3864 466 3935 capite
491 3879 621 3926 auream,
641 3862 768 3932 gemmis
795 3861 931 3917 decenter
957 3863 1097 3933 preciosis
1123 3867 1263 3926 ornatam,
1291 3868 1321 3916 et
1332 3856 1460 3959 ffiggm

275 3954 294 3976 “
314 3948 424 4004 Indicis
454 3945 578 4017 pulchre
612 3946 782 4015 margaritis
817 3952 974 4017 comptam,
1005 3963 1117 4000 necnon
1153 3944 1320 4001 sandalibus

276 4038 294 4060 ‘⁸
313 4031 520 4105 pulcherrimis
539 4029 695 4102 calcpatus,
709 4029 842 4101 dixitque
854 4029 900 4084 illi
912 4029 1113 4084 blandissimis
1126 4031 1319 4095 sermonibus,

276 4122 323 4145 ‘¹‘
334 4118 403 4173 Mox
421 4123 455 4171 ut
473 4114 584 4170 videris
605 4113 855 4183 wyntoniensem,
875 4113 976 4168 dilecti
1001 4112 1058 4168 Dei
1083 4114 1253 4178 antistitem,
1273 4115 1321 4169 dic

275 4206 295 4230 ‘⁸
316 4202 366 4258 ‘ei
393 4205 428 4256 ut
454 4200 581 4271 imperet
614 4198 763 4253 monachis
791 4197 967 4269 degentibus
995 4196 1106 4252 ibidem
1138 4215 1175 4253 ne
1205 4207 1321 4254 cessent

275 4289 294 4313 ‘⁸
316 4284 501 4356 ‘glorificare
532 4273 628 4336 Deum
656 4280 892 4352 Omnipotentem
916 4281 1148 4353 quotiescunque
1173 4283 1320 4355 quispiam

274 4373 294 4398 ‘⁴
314 4372 462 4440 ‘aegrotus
490 4365 528 4421 nd
558 4365 710 4437 Swythuni
740 4366 873 4421 tumbam
902 4365 1039 4437 proesulis
1065 4366 1211 4437 receperit
1236 4384 1319 4421 onra-

274 4457 293 4483 “
315 4455 453 4509 ‘tionem
491 4449 586 4507 Valde
607 4449 703 4505 enim’
732 4450 868 4522 displicet
888 4449 1089 4522 Omnipotenti
1108 4450 1180 4513 Deo,
1206 4450 1317 4506 auctori

273 4542 294 4568 ‘⁸
315 4536 554 4600 ‘miraculorum
576 4533 654 4603 qnod
681 4533 812 4640 quotidie
840 4533 983 4589 miracula
1001 4533 1071 4588 lacit
1096 4534 1319 4589 innumerabilia

272 4622 293 4646 ‘⁶
316 4621 435 4672 ‘coram
453 4615 546 4671 oculis
564 4626 685 4683 comm,
718 4620 748 4669 et
764 4613 823 4686 ipsi
841 4620 901 4668 tam
918 4612 1027 4684 injuste
1045 4619 1137 4683 agunt
1158 4612 1235 4684 qnod
1256 4614 1319 4669 Deo

273 4702 294 4762 ⁶⁴,
314 4697 437 4752 ‘laudes
467 4713 525 4749 non
555 4696 695 4759 referrmt,
728 4694 779 4748 sed
810 4693 920 4748 caduca
952 4692 1063 4747 malum
1095 4693 1200 4758 studia,
1240 4692 1318 4762 quod

273 4787 292 4812 ‘⁴
313 4781 416 4835 ‘nelos
453 4785 498 4834 est
534 4779 623 4842 dictu,
654 4778 761 4832 divinis
798 4777 935 4848 operibns
971 4781 1152 4847 praeponunt.
1201 4774 1248 4829 Ne
1279 4777 1319 4830 sit

306 4984 390 5041 ¹MS.,
402 4983 628 5047 inpresentiarum.
823 4979 945 5030 Swithuni
968 4982 1035 5045 apud
1052 4980 1150 5044 Migne,
1172 4978 1318 5046 Petrolegioe

304 5060 769 5127 1ειιὶιιι]Μιίαιιιιί,ιιιιιιιιιιι,ιιιιιι”ιιι.
824 5059 926 5118 Cursus,
957 5060 1005 5110 clv.
1034 5063 1075 5119 70,
1098 5056 1141 5107 the
1163 5058 1269 5125 reading
1294 5060 1317 5111 is

310 5142 370 5191 ’Sic
390 5143 416 5190 in
439 5141 495 5190 MS.
541 5141 572 5190 In
593 5137 715 5190 Miraculi
741 5138 768 5188 S.
822 5143 934 5188 “coram
947 5136 1202 5190 oculisscacterum.”
