3817 6450
775 1164 961 1215 areanum
1325 1150 1390 1215 319

346 1352 414 1416 fflio
437 1352 507 1435 ejus
523 1350 762 1415 Normanniam
778 1349 934 1430 reddidit,
960 1350 1172 1434 debitamque
1194 1348 1236 1413 ab
1259 1369 1298 1413 eo
1321 1370 1394 1434 pro·

346 1454 518 1519 fessionem
541 1454 689 1539 suscepit.
745 1452 882 1518 Carolus
905 1473 1034 1538 quoque
1057 1473 1164 1517 comes
1180 1450 1395 1515 Flandrensis

347 1562 382 1621 et
396 1578 502 1622 comes
517 1555 776 1643 andegavensis,
790 1555 976 1619 Willelmus
992 1576 1120 1640 quoque
1142 1575 1248 1619 comes
1264 1553 1393 1618 Ponteii

348 1664 382 1723 et
420 1658 608 1744 Stephanus
654 1656 909 1735 Albamarensis,
937 1657 1103 1743 Hugcque
1141 1657 1182 1721 de
1220 1656 1394 1735 Gurniaco,

348 1761 520 1846 caeterique
554 1782 636 1846 pene
671 1781 782 1825 omnes
805 1759 984 1824 adversarii
1018 1759 1104 1845 regis
1136 1758 1281 1839 Henrici,
1321 1759 1397 1822 hinc

348 1864 423 1927 inde
466 1862 764 1927 intercurrentibus
801 1862 929 1926 nuntiis
976 1862 1155 1947 multisque
1193 1861 1395 1938 muneribus,

349 1966 619 2050 qualitercunque
641 1986 719 2050 pace
743 1964 785 2028 ad
808 1971 939 2050 tempus
963 1964 1151 2029 concordati
1174 1950 1262 2029 sunt.

394 2067 517 2133 Eodem
540 2090 637 2144 anno,
664 2089 776 2131 mense
799 2066 945 2146 Octobri,
970 2067 1055 2132 circa
1076 2088 1204 2132 sacrum
1228 2066 1395 2132 Dominici
1410 2084 1536 2152 marriage

350 2170 479 2235 Natalis
501 2171 690 2245 adventum,
713 2169 832 2234 cecidit
855 2168 1064 2234 lacrimabilis
1079 2175 1113 2235 et
1127 2170 1300 2256 inopinata·
1325 2190 1394 2234 sors
1409 2152 1537 2269 ‘affl‘

349 2297 446 2361 super
467 2297 577 2362 regem
601 2274 783 2340 Henricum
806 2273 1011 2360 insperatum
1034 2275 1074 2340 de
1097 2275 1246 2340 hostibus
1269 2273 1338 2339 suis
1360 2274 1395 2337 in
1409 2286 1525 2336 viththe

349 2378 505 2464 Angliam
542 2383 765 2465 reportantem
804 2377 1017 2462 triumphum.
1075 2377 1259 2442 Willelmus
1308 2377 1396 2441 enim
1409 2353 1532 2469 gssfflssffi

344 2480 478 2565 juvenis
504 2481 591 2545 fflius
619 2503 705 2558 suus,
728 2502 788 2545 rex
810 2478 1128 2565 Norm-Anglorum,
1150 2484 1190 2544 ut
1213 2478 1395 2565 putabatur
1410 2456 1537 2566 &nntof'

348 2581 487 2663 futurus,
497 2584 550 2647 cui
565 2604 625 2647 rex
640 2582 842 2646 Francorum
852 2582 925 2666 jam
941 2580 1182 2646 Normanniam
1196 2580 1396 2657 reddiderat,
1409 2552 1537 2669 ssffii,

349 2691 384 2750 et
415 2685 471 2769 qui
504 2686 544 2750 ob
575 2685 671 2771 longe
705 2685 793 2771 pacis
824 2683 1109 2748 confirmationem
1141 2683 1245 2748 filiam
1268 2683 1397 2748 comitis
1409 2687 1563 2801 sffoesuept

350 2787 599 2872 Andagavensis
619 2809 693 2851 cum
716 2787 821 2851 multo
841 2786 931 2851 fastu
945 2790 980 2851 at
994 2786 1119 2851 honore
1134 2767 1421 2873 desponsaverac‚⁸
1447 2768 1529 2818 pwree
1549 2790 1556 2803 '

350 2890 402 2953 cui
425 2890 525 2953 etiam
540 2911 653 2953 omnes
667 2888 831 2974 principes
855 2888 1164 2976 Nom-anglorum
1187 2911 1397 2975 perseveran-

350 2996 417 3055 tem
439 2992 672 3077 professionem
694 2996 795 3076 atque
818 2990 1054 3075 subjectionem
1070 2992 1278 3075 juraverant,
1293 2992 1398 3056 mani-

349 3092 432 3158 festo
463 3094 525 3158 Dei
553 3093 687 3176 judicio,
712 3114 787 3157 cum
810 3093 919 3158 multa
948 3094 1112 3158 nobilium
1140 3093 1329 3179 juventute,
1363 3095 1397 3158 in

350 3196 433 3260 mari
456 3196 633 3261 suffocatus
662 3195 800 3272 interiit,
823 3197 911 3281 quod
934 3196 1077 3282 qualiter
1106 3203 1236 3284 gestum
1260 3197 1305 3262 sit
1326 3196 1400 3261 bre·

350 3299 437 3363 viter
459 3300 669 3385 explicemus.
718 3299 828 3384 Igitur
852 3320 911 3363 rex
935 3299 1101 3365 Henricus
1123 3299 1160 3363 in
1190 3299 1225 3363 N
1227 3299 1399 3366 ormannia

352 3403 486 3487 positus,
517 3402 651 3465 tametsi
677 3423 789 3486 pacem
821 3423 896 3465 cum
926 3401 1076 3467 hostibus
1106 3401 1173 3466 suis
1207 3423 1399 3488 componere

351 3509 524 3591 satageret,
547 3510 582 3569 et
604 3504 771 3568 Willelmo
801 3504 870 3569 filio
900 3525 961 3568 suo
991 3526 1129 3592 regnum
1160 3504 1304 3570 conferre
1326 3527 1399 3594 pro

351 3614 486 3682 curaret,
510 3607 670 3671 mandans
701 3629 774 3671 eum
802 3606 906 3670 filiam
929 3606 1060 3672 comitis
1082 3607 1330 3695 Andagavensis
1360 3614 1399 3672 ut

352 3709 495 3774 diximus
518 3710 723 3794 desponsare,
746 3708 832 3785 fecit,
847 3709 958 3794 sicque
981 3731 1023 3774 ex
1045 3709 1104 3774 illa
1118 3717 1212 3797 parte
1235 3710 1399 3776 Norman-

352 3812 407 3876 nia
429 3834 540 3898 pacem
564 3812 732 3892 obtinuit;
765 3834 841 3876 cum
872 3834 947 3900 rege
979 3835 1108 3899 quoque
1132 3813 1332 3879 Francorum
1363 3814 1399 3878 in

352 3936 385 3979 sc
411 3914 631 3988 concordavit,
651 3936 784 3979 censum
808 3918 975 3979 statutum
1001 3936 1043 3979 ex
1065 3915 1252 3981 redditibus
1267 3916 1399 4004 Angliae

353 4017 458 4081 eidem
480 4017 617 4103 singulis
648 4016 745 4080 annis
776 4016 854 4081 dare
883 4016 1043 4094 instituit,
1066 4018 1116 4082 ita
1138 4023 1178 4083 ut
1201 4020 1289 4105 quod
1312 4019 1399 4084 idem

352 4141 409 4184 rex
440 4119 539 4183 fidem
572 4141 673 4203 quam
696 4118 865 4183 Willelmo
897 4117 967 4183 filio
1000 4119 1139 4185 Roberti
1170 4122 1309 4199 comitis,
1341 4121 1398 4206 qui

352 4243 448 4286 causa
490 4227 560 4285 erat
601 4222 704 4285 totius
745 4220 925 4301 discordia,
961 4220 1081 4286 fecerat
1114 4223 1293 4310 irrumpere
1331 4244 1399 4287 non

352 4324 505 4403 audebat,
521 4324 627 4388 filium
644 4345 740 4388 suum
763 4323 907 4410 primum
929 4325 1127 4402 concederet,
1143 4326 1308 4390 Willelmo
1330 4325 1398 4390 filio

352 4427 438 4514 regis
473 4426 610 4490 Henrici
646 4425 887 4490 Normanniam
921 4425 1065 4503 reddere,
1099 4431 1134 4491 et
1165 4428 1205 4493 de
1239 4449 1279 4492 ea
1308 4427 1397 4492 idem

353 4528 537 4592 Willelmus
557 4528 663 4592 eidem
686 4548 787 4613 puero
802 4527 871 4590 filio
892 4548 1003 4614 regem
1027 4528 1229 4594 Francorum
1252 4529 1398 4594 debitam
1413 4541 1454 4592 rol.
1467 4548 1507 4592 aa.

351 4631 587 4713 subjectionem
609 4630 738 4695 faceret.
786 4629 913 4708 Quibus
927 4630 1031 4716 gestis
1053 4653 1120 4718 pax
1141 4631 1280 4717 antiqua
1301 4632 1398 4711 redit,

353 4737 387 4796 et
417 4733 503 4819 regis
535 4732 700 4797 Lodcwici
727 4731 777 4794 ira
810 4731 946 4815 quievit.
993 4731 1111 4819 Itsqoe
1142 4755 1201 4798 rex
1236 4734 1399 4798 Hauricus

352 4856 464 4921 pacem
487 4836 599 4900 volens
621 4834 768 4919 undique
790 4833 974 4911 reformare,
998 4839 1033 4898 et
1061 4835 1223 4901 Willelmo
1245 4836 1316 4900 filio
1340 4858 1398 4901 suo

352 4961 490 5023 regnum
506 4939 654 5023 quietum
667 4937 859 5021 relinquere,
871 4935 1074 5001 Willelmum
1099 4938 1251 5004 comitem
1269 4938 1397 5004 Ponteii

351 5048 386 5106 ct
395 5042 597 5106 almaricum
607 5041 814 5117 Ebroensem,
825 5038 1003 5125 Hugonem
1014 5039 1055 5105 de
1066 5039 1241 5121 Gurniaoo,
1251 5047 1399 5107 caeteros-
