3817 6450
703 1176 806 1226 umus
828 1174 876 1224 us
900 1172 1005 1223 suns.
1325 1157 1389 1222 219

463 1367 518 1447 tis,
549 1386 624 1430 cum
655 1362 808 1429 omnibus
836 1362 879 1426 ad
910 1384 950 1427 ea
981 1359 1228 1447 pertinentibus
1258 1358 1551 1445 complasmata

465 1468 603 1556 pascuis,
627 1466 740 1552 pratis,
765 1463 878 1550 sylvis,
896 1462 1144 1549 piscationibus,
1169 1445 1567 1563 aquarumquefflggff

464 1570 619 1646 cursibus,
643 1574 782 1654 excepta
804 1566 1022 1653 expeditione,
1046 1565 1158 1650 pontis
1188 1564 1311 1629 arcisve
1334 1563 1388 1627 in·
1405 1550 1548 1630 continued.

467 1672 681 1738 stauratione.
729 1670 783 1734 Sit
806 1674 918 1734 autem
941 1668 1012 1734 haec
1034 1667 1174 1731 libertas
1188 1665 1387 1744 firmissima,

466 1781 501 1841 ot
523 1775 551 1838 si
575 1780 698 1839 eventu
721 1771 899 1858 contigerit
922 1775 1112 1855 temporum
1135 1769 1295 1844 variante,
1317 1768 1389 1833 viee

466 1880 577 1965 aliquo
601 1877 765 1963 quaepiam
782 1876 953 1941 hominum
978 1875 1081 1940 libelli
1097 1874 1237 1958 alicujus
1260 1873 1390 1938 scedsm

468 1982 510 2046 ob
534 1980 802 2045 obliterationem
825 1979 965 2042 istarum
980 1978 1112 2062 apicum
1128 1977 1263 2061 haecque
1278 1980 1394 2041 contra

469 2081 690 2147 machinando
724 2080 960 2157 demonstrare,
984 2079 1029 2143 sit
1060 2079 1257 2143 omnimodis
1289 2078 1393 2141 inter·

470 2189 574 2270 copta,
597 2183 753 2267 omnique
776 2182 903 2247 abolita
925 2181 1079 2247 veritatis
1102 2180 1267 2246 industn'a
1288 2180 1395 2264 cujus·

471 2307 609 2371 cumque
647 2285 734 2370 regis
773 2290 1017 2349 antecessorum
1063 2304 1210 2347 meorum
1249 2287 1395 2367 tempore

470 2388 570 2453 suerit
594 2388 795 2473 praescripta,
820 2388 899 2471 quia
930 2386 981 2450 uti
1005 2385 1041 2449 in
1063 2384 1264 2470 praescriptis
1294 2384 1396 2448 inser-

474 2496 547 2555 tum
581 2490 649 2555 fore
681 2489 877 2575 perspicitur
900 2488 943 2552 ad
977 2488 1043 2552 mei
1069 2487 1157 2572 juris
1189 2485 1395 2572 aptissimam

472 2596 683 2680 potestatem,
709 2592 838 2677 meique
861 2590 954 2656 ducis
978 2589 1171 2667 dominium,
1194 2593 1295 2673 atquc
1311 2610 1396 2673 prae·

472 2696 534 2761 fati
571 2694 763 2759 monasterii
801 2693 1002 2772 libertatem,
1041 2692 1212 2757 devenere.
1273 2690 1311 2755 Si
1338 2691 1396 2776 qui

476 2796 629 2881 denique,
646 2795 728 2859 mihi
751 2816 819 2859 non
842 2795 984 2881 optanti,
1007 2794 1093 2860 hanc
1116 2793 1281 2859 libertatis
1304 2793 1396 2858 char-

474 2904 552 2975 tam,
576 2896 772 2983 cupiditatis
796 2897 901 2962 livore
931 2897 1086 2982 depressi,
1117 2896 1241 2961 violare
1271 2900 1397 2982 satage-

474 3003 553 3079 rint,
571 3021 646 3065 cum
669 2999 859 3085 agminibus
883 3005 980 3064 terrm
1003 2998 1155 3086 caliginis
1177 2998 1262 3085 lapsi
1284 3019 1396 3063 vocem

476 3103 617 3168 audiant
640 3101 863 3166 examinantis
887 3102 940 3166 die
972 3102 1084 3187 magni
1112 3101 1231 3185 judicii
1262 3100 1326 3164 sibi
1349 3102 1398 3166 di-

476 3205 666 3272 centis:-“
682 3202 851 3269 Discedite
874 3225 896 3268 a
919 3224 982 3283 nte,
1009 3201 1192 3279 curtialicti,
1215 3201 1258 3268 in
1283 3201 1399 3288 ipizem

478 3305 686 3383 (sternunt‚”¹
712 3306 769 3370 ubi
793 3328 867 3370 cum
892 3305 1098 3370 dromonibus
1121 3304 1235 3370 ferreis
1258 3306 1396 3391 sartagi-

478 3409 575 3472 nibus
599 3407 723 3473 crndeli
747 3412 966 3494 torqueantur
989 3408 1025 3470 in
1047 3429 1155 3493 poena,
1178 3406 1207 3471 si
1229 3428 1297 3472 non
1319 3414 1398 3472 ante

478 3517 617 3575 mortem
641 3509 743 3595 digna
765 3510 826 3574 hoc
848 3509 1097 3574 emendaverint
1119 3509 1324 3595 poeuitentia

391 3726 468 3790 Istis
492 3745 569 3789 vero
592 3723 742 3789 terminis
772 3722 931 3808 praedicta
960 3724 1104 3789 ruricula
1135 3724 1172 3789 in
1201 3725 1271 3791 suis
1294 3726 1401 3791 divisa

347 3829 425 3893 locis
447 3826 676 3892 circumcincta
699 3847 768 3890 esse
789 3825 948 3891 videntur
966 3851 1020 3891 :—

391 4053 593 4141 Sequuntur
618 4051 881 4119 consent-tona
903 4053 1141 4137 terminorum,
1165 4056 1208 4121 in
1232 4056 1358 4142 lina-ac

756 4155 927 4222 Sacoena
943 4181 1000 4221 :-

528 4310 592 4397 Dis
622 4311 695 4393 prnb
726 4317 809 4400 papa
847 4317 965 4397 tpegpa
1002 4311 1080 4375 lnba
1109 4312 1336 4399 lanbgemrepa
1365 4318 1402 4380 to
1415 4319 1457 4368 fol.
1470 4323 1500 4368 ³¹
1515 4320 1539 4369 d.

487 4412 690 4477 Ilcantunc:
715 4419 828 4501 eupcpt,
852 4435 897 4478 on
918 4417 999 4500 pone
1015 4414 1200 4500 stamthton
1215 4418 1295 4501 popb
1318 4421 1401 4504 east,
1414 4402 1571 4519 ffiffiffl

485 4516 624 4600 anblang
647 4515 831 4603 lieppo·lics;
862 4538 899 4601 op
922 4519 984 4603 ban
1015 4516 1170 4604 heppaba
1193 4540 1250 4605 spa
1276 4519 1327 4582 hrt
1348 4542 1401 4605 ge·
1415 4536 1566 4600 gmnndty

485 4620 641 4701 rneapcob
658 4639 693 4693 rs,
709 4623 744 4681 to
768 4616 858 4706 bsepe
874 4617 972 4702 pulan
988 4620 1058 4700 brc;
1082 4641 1119 4703 op
1134 4626 1223 4709 μεμε
1239 4619 1336 4704 fulan
1353 4603 1526 4729 b¹0{{{1{}²'

485 4726 521 4784 tc
538 4725 787 4806 pynnangcatc3
805 4742 842 4806 op
857 4726 1089 4809 pynnangeute
1104 4723 1248 4809 anblung
1264 4745 1402 4809 meatim,
1415 4734 1521 4809 enarer,

485 4843 525 4885 on
543 4826 582 4907 lm
598 4828 766 4908 stanynan
782 4822 925 4908 hlypan3
949 4845 987 4907 op
1004 4829 1092 4913 poepe
1116 4824 1246 4908 lrlypan,
1261 4823 1400 4911 anblaug
1415 4800 1517 4929 {5¹35sp

1416 4932 1511 4982 Suos.

793 5069 886 5123 ¹Matt
900 5089 961 5124 xxv.
974 5078 1014 5120 tl.
