3817 6450
519 1155 561 1216 48
891 1165 997 1215 rnann
1021 1166 1065 1214 nn
1090 1165 1195 1214 iruna.

351 1371 419 1423 Aa).
437 1375 504 1422 aro·
517 1355 671 1442 provenit
693 1357 733 1417 ut
754 1353 863 1418 hostes
885 1357 1065 1417 crescerent
1080 1356 1115 1416 ct
1138 1349 1377 1438 praevalerent3
1400 1349 1567 1438 indigeam

352 1443 408 1489 ⁸⁹⁰·
516 1455 763 1522 succumberent
785 1463 820 1521 et
843 1454 1010 1520 deflerent.
1057 1453 1121 1519 Sed
1145 1453 1301 1541 praelatus
1325 1475 1383 1520 rex
1402 1452 1568 1530 Alsredua,

517 1561 602 1624 sicut
624 1559 709 1624 alter
739 1558 954 1636 Mathnthim,
978 1557 1084 1621 Judas
1109 1557 1312 1628 Machabeus.
1337 1564 1371 1622 et
1393 1555 1567 1638 Jonatlras,

517 1684 574 1749 pro
597 1661 661 1727 fide
685 1671 718 1727 et
742 1661 812 1747 lege
836 1661 898 1726 Dei
922 1683 959 1726 nc
978 1659 1134 1725 smtribus
1157 1661 1232 1735 suis,
1249 1667 1365 1726 contra
1389 1659 1566 1740 Danensea,

516 1773 594 1828 tnnc
619 1764 773 1850 Paganos
798 1765 832 1828 in
864 1785 930 1827 nno
962 1785 1048 1827 anno
1082 1784 1200 1827 novem
1231 1762 1317 1827 bella
1340 1763 1509 1840 sustinuit,
1533 1770 1566 1830 et

517 1866 650 1932 taudem
681 1866 753 1944 sibi,
780 1873 864 1930 nutu
896 1865 1018 1942 «livino,
1043 1865 1182 1929 victorin
1206 1887 1385 1940 remanens
1408 1865 1566 1954 praedicta

516 1993 625 2054 regnu,
649 1969 811 2048 videlicet,
836 1990 972 2054 regnum
1005 1968 1210 2048 llerciorum,
1235 1990 1371 2054 regnum
1398 1967 1567 2034 Northaa·

515 2073 726 2148 lrimbrorum,
760 2093 896 2158 regnum
937 2070 1157 2136 Orientalium
1196 2071 1390 2158 Anglorum,
1428 2093 1565 2158 regnum

516 2175 744 2252 Estsaxonum,
762 2181 908 2260 tempore
930 2173 1040 2239 fratris
1063 2174 1113 2238 sui
1138 2172 1338 2251 Etheldredi,
1362 2173 1564 2256 rebellantia,

516 2278 576 2342 sibi
595 2277 735 2342 viriliter
758 2276 958 2364 subjugavit,
974 2282 1008 2341 et
1031 2276 1072 2340 de
1096 2277 1227 2362 regibus
1250 2284 1284 2342 et
1305 2277 1414 2362 regnis
1437 2277 1565 2343 comitia

516 2388 548 2445 et
572 2381 748 2446 comitatus
770 2379 951 2444 constitnit.
1000 2378 1045 2443 Et
1067 2379 1113 2443 sic
1143 2379 1268 2465 primus
1297 2379 1474 2446 monarcha
1498 2383 1564 2446 Aa·

515 2484 642 2564 giorum
674 2495 742 2547 emt
774 2481 1060 2546 victoriosissimus
1091 2503 1149 2546 rex
1181 2481 1342 2558 Alfredus,
1366 2483 1424 2568 qui
1456 2505 1562 2570 regem

517 2589 549 2650 in
574 2608 673 2674 regno
697 2584 879 2672 Anglorum
903 2607 1039 2672 regnare
1070 2605 1136 2650 non
1167 2585 1316 2671 permisit
1339 2593 1460 2672 praeter
1482 2585 1564 2676 seip-

516 2712 587 2754 sum
610 2688 723 2753 solum.

347 2813 481 2865 Therone
562 2792 692 2856 Primus
715 2799 828 2856 tamen
852 2791 1027 2856 monarcha
1051 2789 1174 2855 dicitur
1191 2789 1356 2876 Egberlus
1380 2811 1438 2856 rex
1458 2791 1564 2858 Weat·

349 2882 490 3000 :mm
515 2917 684 2972 saxonum,
717 2915 799 2958 avus
833 2893 930 2958 istius
964 2892 1095 2980 gloriosi
1128 2891 1285 2978 principis
1318 2892 1455 2972 Alfredi,
1487 2893 1563 2981 quia

516 2999 677 3085 primitus,
706 3005 745 3061 ut
774 2996 999 3082 supradictum
1031 3004 1090 3072 est,
1119 3002 1237 3060 caetero
1272 3017 1371 3082 regna
1403 2997 1438 3062 in
1468 3019 1562 3064 suum

515 3102 682 3189 coaptavit
715 3099 897 3186 imperium,
933 3119 1089 3184 regesque
1122 3099 1264 3185 ipsorum
1298 3121 1471 3184 regmorum
1503 3099 1563 3166 sub

516 3228 549 3269 se
573 3225 707 3293 regnare
731 3202 887 3289 permisit.
904 3209 938 3267 et
962 3201 1025 3266 sibi
1049 3201 1215 3267 tributum
1239 3200 1374 3267 reddere
1397 3201 1485 3281 fecit,
1508 3203 1563 3271 sed

515 3309 623 3393 regnis
646 3307 757 3372 cedere
780 3306 867 3391 ipsos
891 3326 956 3369 non
980 3304 1149 3391 compulit,
1177 3304 1264 3389 quod
1298 3305 1373 3371 fecit
1406 3304 1563 3373 Christia-

515 3412 669 3475 uissirnus
699 3431 767 3487 rex,
795 3418 827 3472 et
859 3408 985 3495 primns
1015 3407 1197 3493 Anglorum
1222 3408 1408 3495 principum
1433 3430 1491 3475 rex
1515 3410 1563 3475 in·

515 3513 622 3576 victus
645 3510 806 3575 Alsredus.
854 3510 1042 3574 Provincias
1075 3532 1152 3574 vero
1184 3508 1561 3596 Northanlrymbrorum,

516 3613 735 3679 Orientalium
763 3612 952 3697 Anglorum,
977 3622 1010 3675 et
1035 3612 1254 3677 Orientalium
1279 3614 1458 3689 Saxonum,
1483 3636 1563 3701 quaa

515 3716 607 3780 dedit
630 3715 780 3801 egregius
803 3714 951 3800 princeps
976 3714 1139 3789 llllredns,
1164 3722 1302 3801 excepta
1325 3716 1462 3781 civitate
1480 3716 1563 3782 lna·

514 3820 698 3895 domorum,
729 3816 922 3881 Gurmnndo
961 3816 1131 3880 Danorum
1164 3818 1242 3903 regi,
1281 3828 1453 3905 postquam
1489 3840 1561 3885 eum

515 3922 741 3987 soractissimus
763 3920 914 4006 princeps
937 3920 1094 3983 Allredns
1117 3919 1157 3983 de
1181 3942 1271 3983 sacro
1287 3920 1379 3985 t'onlo
1393 3920 1563 4001 levaverit,

513 4026 555 4089 ad
592 4022 810 4088 habitandum
834 4030 868 4086 et
892 4044 958 4087 non
982 4021 1197 4107 regnandum,
1229 4022 1465 4089 recalcitrando
1487 4046 1563 4090 cea·

514 4142 566 4191 tra
600 4133 728 4214 patrem
759 4125 975 4212 spiritualem,
1013 4150 1032 4189 a
1064 4124 1211 4189 dominio
1235 4125 1319 4211 regis
1343 4126 1472 4191 Alfredi
1506 4124 1563 4193 ab·

515 4232 621 4308 stulit,
653 4254 690 4295 nc
721 4237 756 4293 et
788 4230 856 4315 ipse
892 4230 925 4292 in
959 4228 1037 4314 ipsis
1072 4228 1252 4313 provinciis
1286 4229 1458 4313 tymnnice
1494 4250 1565 4315 reg·

513 4336 623 4399 nando
646 4334 788 4409 recessit,
811 4333 920 4418 sicque
945 4330 1166 4395 monarchiam
1189 4331 1293 4393 totius
1317 4330 1455 4415 Angliie,
1479 4331 1564 4397 sicut

511 4447 546 4500 et
579 4438 680 4501 linter
711 4458 790 4499 suus
829 4433 1030 4507 lltlrelredns,
1067 4455 1126 4519 pro
1159 4454 1217 4495 suo
1247 4434 1372 4519 optimo
1399 4432 1484 4499 uelle
1506 4433 1562 4499 dc-

513 4540 656 4625 penlidit
687 4560 745 4603 rex
770 4538 934 4614 Alsredus,
960 4558 1018 4601 nei·
1043 4558 1197 4620 umquam
1224 4536 1256 4598 in
1282 4537 1353 4600 vita
1382 4556 1441 4601 aua
1472 4558 1561 4603 rucu-

510 4644 647 4729 paravit.

345 4752 476 4803 literatior
558 4746 679 4809 Eodem
711 4766 788 4808 vero
818 4767 914 4821 anno,
947 4752 1075 4807 mortuo
1109 4743 1288 4815 'l'unburto,
1329 4742 1560 4827 ll'yntoniemi
1574 4754 1728 4823 mgb!

362 4821 480 4870 insonis
510 4850 669 4935 episcopo,
694 4847 840 4933 prefecit
878 4870 934 4911 rex
977 4845 1130 4910 ailfredns
1175 4846 1425 4933 ltrrrmwlplrum,
1461 4868 1714 4943 quemn„

345 4902 376 4935 er
387 4887 471 4937 Duae·

345 4954 657 5037 vulstotlwtempore
693 4951 821 5014 latilmli
853 4952 903 5015 sui
937 4949 1108 5013 sulmloum
1134 4960 1165 5013 et
1192 4950 1308 5013 laicum
1335 4950 1367 5013 in
1392 4949 1484 5014 silvis
1513 4952 1657 5025 iam

345 5021 657 5137 ¹diiiiriiiin'verreret.
681 5055 737 5119 sed
759 5066 925 5139 0⁰¹1¹ll⁰fl⁰
948 5054 1020 5137 ¹'lui‘
1044 5054 1184 5139 ingenio,
1215 5066 1285 5139 l'ost
1319 5052 1457 5118 ”mmm
1481 5062 1563 5121 ψ’
