3817 6450
728 1209 831 1262 arran
853 1213 899 1263 ns
922 1210 1027 1261 uras.
1336 1199 1395 1261 211

347 1417 458 1461 omnes
490 1397 657 1472 infestant,
688 1398 809 1481 ubique
840 1393 1049 1476 discurrunt3
1081 1403 1116 1460 et
1146 1395 1225 1459 dum
1256 1394 1493 1459 nesciturofthe

347 1500 403 1563 ubi
434 1499 481 1563 eis
510 1523 531 1563 a
561 1499 889 1585 comprovincialibus
913 1499 1038 1565 occurri
1061 1498 1189 1577 debeat,
1221 1520 1242 1561 a
1272 1496 1398 1575 Siricio,
1413 1468 1552 1585 23}sz

347 1608 420 1687 post
440 1602 652 1667 Dunstanum
672 1599 949 1689 arehiepiscopum
975 1600 1237 1666 Doroberneusis
1256 1598 1399 1664 ecclesiia

348 1706 498 1781 secundo,
522 1705 588 1769 tale
611 1705 695 1769 exiit
716 1706 892 1781 decretum,
916 1711 955 1769 ut
984 1704 1221 1791 repellerentur
1250 1705 1398 1787 argente,

348 1808 405 1891 qni
439 1827 507 1871 non
540 1812 695 1893 poterant
725 1807 818 1872 ferre.
877 1806 1066 1892 Solutisque
1104 1805 1216 1870 decem
1254 1803 1400 1867 millibus

347 1908 506 1973 librarum
529 1907 746 1994 cupiditatem
766 1910 935 1975 Dacorum
958 1909 1002 1973 ad
1024 1913 1155 1993 tempus
1174 1907 1397 1993 expleverunt.

347 2012 447 2074 Anno
480 2013 568 2076 euim
600 2011 657 2076 illo
689 2034 755 2097 quo
787 2011 872 2075 obiit
904 2011 1024 2076 beatus
1056 2010 1259 2087 Dnnstanus
1291 2007 1398 2071 multa

347 2112 434 2176 mala
457 2114 586 2199 Angliae
609 2112 810 2180 evenerunt¹
859 2113 949 2178 Urbs
981 2112 1258 2198 Sutharnptoniae,
1286 2115 1321 2173 et
1346 2110 1398 2173 iu-

346 2214 419 2278 sula
441 2215 570 2280 Tlrnnet
587 2216 689 2302 juxta
704 2217 867 2291 Cannam,
884 2216 1120 2281 monasterium
1136 2213 1252 2279 Sancti
1268 2211 1398 2277 Petroci

346 2318 380 2380 in
398 2316 575 2398 Cornnbia,
591 2325 625 2383 et
648 2319 818 2404 provincia
841 2318 1152 2405 Legecestrensium‚
1175 2338 1234 2403 per
1254 2315 1398 2379 Deuicos

346 2419 471 2504 piratas
487 2420 710 2487 devastantur.
757 2421 885 2487 Civitas
901 2421 1147 2487 Londoniarum
1167 2422 1243 2506 igne
1266 2418 1399 2504 proprio

347 2530 555 2587 concremata
583 2530 641 2589 est.
700 2524 811 2589 Pestes
845 2523 1031 2610 Anglorum
1069 2523 1162 2609 genti
1199 2522 1399 2597 acciderunt,

347 2622 471 2687 scilieet
500 2623 600 2689 febris
630 2624 811 2704 hominum,
834 2624 905 2688 lues
935 2625 1129 2689 animalium
1159 2647 1233 2710 quau
1259 2622 1398 2709 Anglice

347 2734 364 2758 “
383 2724 533 2805 schitta,'’
558 2725 675 2791 Latine
698 2733 717 2761 “
733 2727 844 2790 fluxus
866 2727 1113 2791 interaneorum
1124 2726 1141 2751 ’'
1164 2729 1309 2789 vocatur.

392 2826 504 2912 Hujus
527 2828 618 2892 beati
641 2829 809 2894 Dunstani
832 2829 939 2892 vitam
971 2826 1159 2906 Osduerns,2
1182 2826 1399 2894 Cantaurieu·
1412 2839 1455 2889 rol.
1468 2844 1535 2888 soe.

347 2928 391 2991 sis
414 2928 555 2995 ecclesiae
583 2932 769 3008 monachus,
801 2931 932 3017 plenam
964 2932 1148 2997 virtutibus
1178 2936 1213 2995 et
1242 2929 1400 3016 prodigiis
1412 2931 1516 2995 Ingena
1527 2931 1554 2980 ⁰¹

348 3030 527 3118 descripsit.
575 3032 671 3097 Inter
693 3056 767 3118 quae
789 3033 889 3098 refert
911 3035 1008 3119 quod,
1033 3043 1104 3097 dum
1129 3042 1166 3096 ed
1190 3047 1327 3112 rogatum
1350 2997 1537 3094 eu-Dmm'

298 3123 324 3171 3¹·
345 3132 462 3202 jusdam
493 3141 632 3189 mamonae
663 3136 811 3206 religiosae
846 3136 1017 3192 Dunstanus
1054 3133 1264 3189 sacerdotalem
1295 3131 1400 3186 stolam

298 3210 309 3242 ¹¹
349 3217 526 3289 imaginibus
551 3218 759 3290 Apostolorum
784 3225 814 3275 et
839 3219 1006 3292 Martyrum
1036 3218 1202 3289 insigniret,
1231 3216 1332 3272 audita
1355 3223 1401 3271 est

348 3300 468 3372 cythara
486 3303 591 3372 parieti
610 3320 746 3373 appensa,
766 3302 899 3359 modulos
918 3305 1000 3358 illius
1019 3303 1200 3373 antiphonae:
1223 3300 1352 3356 Gaudent
1368 3300 1401 3354 in

348 3384 424 3438 calis
445 3386 548 3440 eraricum
569 3392 739 3452 scriniorum,
760 3393 827 3452 etc,
846 3387 956 3457 absque
975 3386 1102 3440 humano
1121 3385 1260 3456 impulsu,
1275 3384 1401 3438 dulciter

348 3469 490 3522 insonare.
529 3469 615 3533 Item,
629 3477 729 3525 narrat
744 3471 821 3542 quod
839 3470 1019 3535 Dunstanus,
1033 3470 1117 3525 varia
1134 3468 1206 3523 artis
1224 3467 1400 3522 mechanicae

350 3551 493 3606 industria
510 3552 680 3623 insignitus,
701 3554 772 3608 dum
789 3556 820 3608 in
837 3555 912 3610 cella
925 3572 980 3610 sua
988 3554 1074 3626 juxta
1086 3551 1266 3608 Glastoniam
1279 3551 1401 3606 calicem

349 3635 491 3705 quendam
522 3654 608 3707 opere
639 3639 758 3693 aurifice
788 3638 940 3709 effigiaret,
974 3638 1070 3693 adluit
1100 3636 1220 3701 Sathau,
1258 3635 1402 3706 corporali

350 3720 444 3789 specie
462 3720 518 3773 sibi
537 3721 721 3791 voluptatum
740 3723 943 3793 phantasmata
963 3723 1132 3777 immittens.
1172 3720 1256 3790 Quod
1275 3720 1402 3774 Dunsta·

349 3819 411 3866 nus,
434 3803 463 3856 in
483 3804 589 3873 spiritu
608 3807 798 3876 comperiens,
818 3807 979 3877 forcipibus
1008 3807 1069 3861 snis
1094 3805 1197 3877 ignitis
1221 3823 1325 3859 nasum
1344 3802 1401 3857 dar·

350 3887 441 3940 monis
461 3888 689 3958 comprehendit,
704 3896 734 3944 et
751 3890 856 3956 tenuit,
871 3890 962 3945 donec
980 3890 1111 3946 daemone
1123 3890 1271 3946 voluntate
1291 3890 1401 3943 factum

350 3967 401 4023 hoe
432 3970 614 4026 convicaneis
645 3973 846 4029 innotesceret.
902 3976 989 4039 Item,
1028 3974 1209 4038 Dunstanus,
1243 3972 1400 4043 aliquando

351 4062 512 4123 soporatus,
527 4055 641 4111 audivit
659 4058 780 4128 spiritus
800 4059 948 4129 angelicos
968 4060 1098 4114 suaviter
1115 4058 1257 4128 psallere:
1280 4056 1401 4126 “Kyrie

353 4138 369 4162 ‘⁶
388 4138 500 4202 cleison,
532 4139 642 4195 Cluiete
672 4142 820 4207 eleisoa,·’'
849 4143 934 4214 cujus
960 4142 1093 4198 modulos
1122 4140 1281 4196 harmoniae
1305 4140 1401 4194 adhue

351 4223 512 4277 contineret
530 4230 632 4295 tropus
651 4225 702 4281 ille
720 4226 827 4306 Anglis
846 4228 986 4293 famosus,
1009 4225 1127 4297 “Kpric
1145 4245 1191 4281 rea
1209 4223 1389 4295 splendeas?

392 4404 569 4474 Dunstano
592 4431 669 4475 vcro
693 4417 831 4490 mortue,
855 4417 1116 4501 supervenerunt
1138 4410 1226 4476 Dani
1249 4410 1343 4496 quasi
1365 4408 1402 4471 in
1416 4413 1545 4492 simidico

350 4507 494 4593 quolibet
510 4509 642 4596 Angliae
665 4519 773 4598 portu,
789 4514 839 4579 ita
861 4522 900 4580 ut
923 4514 1104 4580 nesciretur
1126 4512 1184 4578 ubi
1203 4511 1269 4576 illis
1291 4513 1401 4599 posset
1414 4481 1511 4597 ffi‘f
1521 4479 1565 4530 ὼε

350 4611 476 4676 occurri.
525 4613 733 4701 Quapropter
764 4640 845 4703 quos
876 4617 962 4683 ferro
984 4615 1140 4704 repellere
1167 4638 1234 4681 nou
1257 4616 1398 4701 possent,

350 4720 485 4798 argento
515 4716 715 4801 repulerunt,
750 4720 906 4785 solvendo
937 4721 1044 4807 primo
1079 4741 1137 4805 per
1168 4738 1301 4791 aunum,
1326 4737 1401 4780 con-

351 4813 420 4880 silio
460 4816 575 4882 Cirieii
612 4819 852 4909 archiepiscopi,
892 4824 949 4909 qui
984 4821 1161 4887 Dunstano
1196 4822 1400 4891 successerat,

353 5007 1049 5028 ξη-*..-,--------,“-------..-
1079 5021 1082 5025 ·
1097 5020 1114 5025 --
1353 5012 1397 5021 *-

385 5130 390 5157 ¹
404 5130 468 5193 MS„
481 5135 566 5181 cernit.
876 5138 880 5203 Ι
927 5140 937 5168 ²
951 5136 1090 5200 Osduerus]
1108 5136 1151 5183 Sic
1163 5135 1188 5183 in
1202 5133 1258 5183 MS.

1244 5229 1265 5275 o
1290 5213 1310 5275 2
