3817 6450
724 1175 826 1225 arana
847 1176 895 1224 nr
917 1175 1024 1224 aron
1334 1157 1399 1229 197

449 1363 581 1427 seducto,
602 1370 635 1419 ut
652 1363 797 1428 Paradisi,
820 1362 969 1428 videlicet,
995 1363 1140 1419 limitibus
1160 1364 1396 1434 sublimibusque
1417 1359 1487 1412 AD·
1499 1364 1556 1412 ⁹55·

449 1449 535 1518 regni
562 1448 702 1504 coelorum
729 1448 871 1503 sedilibus
897 1447 995 1518 ejecti,
1021 1465 1089 1503 cum
1113 1448 1170 1514 his,
1198 1449 1250 1519 qui
1276 1448 1395 1503 Domini
1409 1427 1556 1478 (ΜΝ

1409 1494 1482 1559 King

450 1532 624 1587 famulatum
641 1538 829 1603 aspernantes
846 1537 1094 1602 contempserunt,
1107 1532 1238 1587 barathri
1253 1531 1396 1587 incendiis
1409 1560 1495 1625 mg„

450 1614 563 1670 detrusi
586 1615 655 1687 jugi
680 1616 849 1671 crucientur
875 1616 1006 1670 miseria.
1056 1614 1120 1670 Nec
1147 1616 1215 1670 inde
1239 1615 1336 1671 evulsi
1363 1597 1550 1678 secontinhed,

450 1699 615 1769 glorientur
645 1700 775 1754 evasisse
805 1704 960 1763 tormenta,
990 1698 1042 1753 sed
1068 1716 1135 1754 cum
1164 1698 1252 1763 Juda‚
1281 1698 1396 1755 Christi

449 1782 607 1854 proditore,
628 1782 750 1853 ejusque
769 1782 973 1854 complicibus,
998 1782 1163 1838 Acheronte
1188 1784 1392 1855 conglutinati,

450 1866 560 1936 frigore
586 1865 753 1931 stridentes,
780 1866 895 1921 fervere
915 1866 1039 1936 perusti,
1063 1865 1167 1921 laetitia
1185 1868 1303 1937 privati,
1324 1885 1396 1922 moe·

449 1967 514 2004 rore
540 1951 628 2015 anxii,
648 1950 758 2005 catenis
782 1950 880 2021 igneis
905 1950 1073 2021 compediti,
1099 1950 1295 2023 lictorumque
1314 1957 1394 2006 metu

450 2034 587 2105 perclusi,
608 2034 753 2089 scelerum
771 2034 913 2088 memoria
931 2034 1055 2097 confusi,
1077 2035 1167 2090 tetius
1186 2036 1327 2091 bonitatis
1350 2054 1396 2091 re·

449 2117 616 2173 cordatione
635 2118 749 2181 semoti,
770 2123 878 2173 aeterno
896 2118 1039 2189 lugubres
1057 2119 1215 2190 puniantur
1233 2120 1376 2176 cruciatu.

419 2357 512 2434 Itan
535 2357 577 2424 dc
599 2356 812 2424 brennone
836 2356 1100 2424 insidiantium.
1147 2359 1227 2426 Car.
1252 2358 1313 2424 XI.

485 2515 542 2585 Qui
561 2522 659 2571 autem
674 2516 737 2587 jam
755 2515 911 2586 praedictos
928 2515 1007 2570 Novi
1025 2516 1246 2586 Wyntaniensis
1264 2517 1397 2574 ecclesia

449 2600 574 2655 coenobii
593 2600 760 2663 monachos,
774 2599 822 2655 vel
842 2599 992 2670 quoslibet
1010 2599 1143 2670 ejusdem
1162 2600 1277 2656 ordinis
1296 2608 1397 2657 nestro

449 2685 593 2754 regimine
620 2684 771 2754 degentes,
797 2701 813 2737 e
841 2684 1038 2748 monasteriis,
1060 2702 1124 2754 quoa
1148 2685 1289 2739 vitiorum
1313 2703 1397 2756 spur-

450 2769 534 2824 citias
565 2786 728 2839 expurgans
759 2767 833 2823 Jesu
865 2767 986 2823 Christo
1018 2767 1144 2823 Domino
1174 2774 1284 2833 nostre,
1318 2769 1396 2826 victe

450 2852 580 2907 daemone
604 2852 761 2923 adquisivi,
783 2851 935 2906 eliminare
961 2869 1142 2922 praesumens
1167 2852 1303 2917 voluerit,
1329 2871 1396 2908 ana·

450 2937 548 2991 thema
569 2936 625 3000 sit;
653 2942 683 2990 et
706 2934 808 2989 eadem
827 2934 1035 2989 maledictione
1054 2953 1113 3005 qua
1131 2934 1212 3007 ann
1236 2936 1394 3006 parricida,

450 3021 501 3091 qui
526 3022 645 3074 fratrem
670 3038 756 3074 suum
780 3019 857 3073 Abel
876 3019 1047 3074 stimulante
1066 3020 1177 3075 invidia
1194 3019 1304 3075 lividus
1323 3021 1396 3076 inte·

450 3105 546 3168 remit,
572 3104 712 3174 mastigia
736 3103 871 3157 addictus
891 3109 946 3166 est,
968 3104 1031 3157 sine
1050 3105 1177 3158 termine
1194 3110 1329 3159 teneatur
1347 3105 1396 3159 ob·

449 3189 562 3252 noxius,
583 3193 671 3259 atque
691 3187 720 3241 in
740 3186 795 3241 Dei
813 3186 1019 3258 persecutione
1038 3187 1175 3241 continuo
1193 3205 1393 3258 perseverans,

450 3274 480 3326 in
497 3272 552 3327 huc
571 3271 631 3326 vitu
654 3271 767 3325 nullum
792 3269 945 3341 dignitatis
971 3270 1273 3340 adquirathonorem‚
1293 3272 1396 3326 necin

451 3357 548 3410 futuro
568 3356 630 3409 siue
649 3355 768 3409 miseria
786 3372 926 3423 umquam
948 3353 1096 3424 persistat,
1117 3352 1169 3407 sed
1188 3370 1255 3407 cum
1274 3353 1395 3408 Ananiae

450 3446 480 3494 et
498 3439 630 3510 Saphiroe
648 3456 707 3493 una
724 3437 796 3508 Styx
816 3439 971 3508 porragine
991 3437 1150 3508 ejulantem
1168 3437 1301 3492 crucians
1319 3455 1396 3493 eom·

450 3525 603 3596 plectatur.

375 3767 424 3833 De
439 3763 663 3832 benedictione
679 3761 863 3829 Menoetes
878 3763 1124 3830 none-rontium.
1172 3762 1251 3831 Car.
1277 3765 1358 3832 XII.

486 3921 659 3991 Quicunque
690 3921 886 3991 praetitulatos
916 3921 1074 3976 monachos
1102 3921 1186 3976 bonis
1213 3922 1396 3993 quibuslibet

451 4006 632 4076 locupletans
665 4004 760 4059 ditare
793 4005 931 4068 voluerit,
961 4004 1084 4060 Creator
1110 4007 1311 4062 cunctitenens
1338 4008 1395 4063 cle·

452 4097 563 4144 menter
582 4107 631 4143 eos
651 4106 809 4159 eorumque
828 4089 1000 4160 progeniem
1018 4088 1109 4144 tetius
1127 4089 1261 4145 ubertate
1275 4110 1394 4163 prospe-

451 4174 557 4238 ritatiS,
573 4173 622 4227 hie
635 4178 665 4226 et
679 4173 710 4226 in
725 4173 825 4227 futuro
838 4172 945 4226 saeculo
959 4172 1078 4226 ditando
1090 4172 1257 4246 locupletet.
1297 4175 1400 4247 Scrip'

451 4259 490 4313 tis
505 4257 641 4311 decenter
658 4273 759 4310 eorum
777 4256 807 4309 in
826 4255 903 4310 libro
919 4255 988 4310 vitu)
1003 4257 1179 4322 nominibus,
1193 4276 1260 4314 cum
1276 4258 1395 4316 Christe

451 4342 614 4412 portionem
625 4339 656 4393 in
669 4340 810 4394 eoelcrum
823 4339 1001 4395 habitaculis
1019 4340 1155 4406 habeant,
1169 4342 1221 4412 qui
1238 4345 1394 4399 monachos

452 4443 530 4487 suos,
551 4441 624 4493 quos
642 4422 750 4477 nostris
769 4429 963 4493 congregatos
984 4424 1165 4494 temporibus
1189 4425 1328 4496 possidet,
1348 4428 1394 4482 vel

450 4508 558 4571 verilis,
579 4507 625 4561 vel
647 4507 739 4569 luctis,
760 4506 923 4560 sanctitatis
943 4507 1040 4561 studio
1059 4507 1274 4564 honoraverint.

348 4745 470 4828 Quales
504 4752 533 4810 ct
567 4741 715 4830 qrutlitcr
737 4739 900 4807 Monocbi
930 4740 974 4807 in
1005 4740 1063 4807 boc
1085 4741 1293 4809 Memnonio
1319 4764 1394 4809 con

635 4851 816 4910 careantur.
900 4843 980 4909 ΟΑΡ.
1005 4842 1104 4908 ΧΙΙΙ.

488 4992 652 5062 ltcgulares
678 4991 769 5061 igitur
787 4991 931 5054 monachi,
959 5008 1014 5044 uon
1040 4990 1195 5045 saeculares
1215 4989 1245 5043 in
1263 4991 1394 5059 praefato,

452 5077 571 5133 Christo
597 5075 714 5137 comite,
740 5074 890 5142 degentes¹
908 5074 1085 5129 monasterio
1123 5072 1234 5141 regula>
1264 5074 1394 5129 moribus
