3817 6450
244 1374 258 1406 le

719 1164 821 1214 urana
843 1165 889 1214 oa
910 1165 1013 1214 uma
1320 1150 1384 1223 275

381 1346 482 1404 Vitam
501 1350 592 1403 sancti
610 1350 711 1421 patrie,
726 1352 859 1406 monachi
879 1353 966 1407 simul
992 1361 1022 1408 et
1049 1354 1196 1417 antistitis,
1223 1352 1387 1419 cuthberti,
1441 1361 1524 1423 (An.

347 1439 376 1484 et
393 1433 475 1501 prius
493 1433 610 1488 heroico
629 1442 731 1498 metro,
745 1441 775 1489 et
793 1436 977 1508 postmodum
991 1437 1076 1508 plano
1089 1455 1222 1492 sermone
1235 1437 1385 1507 descripsi.
1411 1429 1547 1493 ⁶⁷³·73⁵·)

382 1516 544 1570 Historiam
562 1517 699 1572 abbatum
718 1521 885 1574 monasterii
903 1521 1001 1592 hujus,
1016 1523 1117 1592 inquo
1136 1539 1268 1592 superuae
1286 1521 1389 1593 pietati
1404 1510 1521 1561 Memmi
1533 1511 1562 1561 0f

347 1600 494 1654 deservire
513 1602 635 1671 gaudeo,
656 1602 828 1668 Benedicti,¹
843 1605 994 1670 Oeolfridi,
1009 1613 1038 1661 et
1050 1606 1218 1671 Huetberti,
1233 1606 1271 1660 in.
1280 1605 1389 1660 libellis
1402 1577 1559 1694 ffilffim

346 1684 467 1739 duobus.

382 1769 544 1824 Historiam
562 1771 789 1827 ecclesiasticam
806 1779 912 1828 nostrie
930 1774 1034 1828 insulae
1061 1793 1095 1828 ao
1121 1776 1228 1845 gentis,
1247 1775 1278 1829 in
1304 1774 1389 1830 libris
1400 1710 1542 1830 ddrllldlddd

348 1870 483 1923 quinque.

382 1936 643 2009 Martyrologium²
661 1940 697 1992 do
716 1940 856 1994 natalitiis
874 1940 978 1995 diebus
997 1950 1163 1997 sanctorum
1175 1949 1346 2014 martyrum,
1361 1943 1392 1996 in

348 2039 405 2091 quo
430 2038 529 2076 omnes
556 2041 628 2092 quos
646 2024 777 2077 invenire
801 2024 892 2095 potui,
912 2043 970 2079 non
995 2027 1090 2080 solum
1121 2045 1179 2097 qua
1205 2028 1262 2091 die,
1288 2044 1392 2080 verum

348 2105 434 2158 otiam
462 2124 518 2176 quo
546 2125 653 2177 genere
680 2109 857 2174 certaminis,
883 2110 932 2163 vel
958 2110 1012 2164 sub
1038 2128 1095 2181 quo
1119 2111 1231 2181 judice,
1250 2110 1392 2166 mundum

348 2189 478 2254 vicerint,
492 2189 649 2261 diligenter
667 2199 804 2247 annotare
823 2195 932 2249 studui.

383 2274 504 2330 Librum
522 2276 716 2346 Hymnorum,
730 2278 767 2331 de
785 2278 901 2333 diverso
919 2285 1013 2334 metro
1032 2280 1094 2334 sire
1111 2280 1259 2350 rhythmo.

382 2360 504 2422 Librum
522 2360 784 2432 Epigrammatum,
798 2364 916 2418 heroico
934 2370 1028 2418 metro
1047 2364 1109 2419 sive
1128 2364 1268 2434 elegiace.

383 2444 467 2508 Item,
482 2444 526 2497 De
544 2443 671 2499 Natura³
693 2464 801 2511 rerum,
816 2455 845 2502 ot
863 2446 899 2501 de
918 2448 1118 2519 Temporibus,
1133 2448 1224 2502 libros
1243 2447 1384 2518 singulos.

383 2528 467 2592 Item,
483 2529 518 2582 de
536 2529 738 2599 Temporibus,
753 2531 862 2585 librum
880 2550 971 2586 unum
991 2532 1143 2603 majorem.

383 2612 504 2666 Librum
523 2613 558 2667 de
577 2614 802 2686 Orthographia,
817 2616 964 2687 alphabeti
984 2616 1085 2670 ordine
1104 2615 1286 2670 distinctum.

383 2696 468 2758 Item,
483 2699 604 2753 Librum
622 2699 658 2752 do
677 2700 802 2754 Matrica
818 2700 909 2766 Arte;
936 2708 966 2756 et
984 2702 1052 2756 huic
1071 2700 1228 2770 adjectum,
1248 2699 1339 2754 alium
1357 2698 1393 2753 de

351 2780 560 2846 schematibus,
582 2783 643 2836 sive
656 2784 775 2855 Tropie3
796 2784 943 2849 libellum,
965 2786 1019 2839 hoo
1039 2792 1092 2847 est,
1107 2784 1143 2839 da
1162 2783 1267 2855 figuris
1285 2782 1394 2838 modis-

350 2884 405 2935 que
423 2866 610 2930 locutionum,
631 2868 737 2937 quibus
756 2869 901 2939 scriptura
919 2875 1020 2924 sancta
1037 2875 1171 2923 contexta
1189 2873 1244 2923 est.

383 2950 479 3022 Teque
499 2952 647 3023 deprecor,
667 2952 741 3005 bone
770 2952 852 3017 Jesu,
873 2959 906 3007 ut
924 2953 971 3007 cui
990 2953 1135 3025 propitius
1162 2952 1276 3006 donasti
1304 2950 1395 3005 verba

348 3043 405 3090 tuae
424 3037 552 3090 scientiae
571 3036 695 3091 dulciter
713 3037 841 3102 haurire,
857 3036 945 3091 dones
965 3039 1053 3091 etiam
1072 3036 1216 3108 benignus
1235 3034 1273 3090 ad
1291 3041 1320 3089 to
1340 3034 1394 3088 ali·

349 3120 472 3191 qnando,
493 3122 601 3176 sontem
626 3120 720 3175 omnis
748 3122 887 3184 scientim,
907 3122 1061 3191 pervenire
1089 3128 1119 3175 et
1145 3137 1248 3192 parere
1276 3135 1395 3189 semper

348 3215 414 3260 ante
434 3206 536 3261 faciem
555 3215 644 3262 tuam.
682 3207 848 3262 ⁴Praeterea
866 3224 966 3261 omnes
985 3205 1022 3261 ad
1040 3223 1113 3277 quos
1131 3204 1194 3261 haec
1213 3204 1315 3261 eadem
1332 3204 1395 3260 his·

348 3293 423 3345 toria
440 3293 593 3363 pervenire
611 3294 740 3363 potuerit
751 3299 857 3346 nostrai
872 3292 997 3345 nationis
1010 3291 1141 3362 legentes
1161 3291 1223 3346 sive
1242 3289 1394 3345 audientes

349 3376 519 3447 suppliciter
544 3395 655 3448 precor,
682 3384 715 3431 ut
741 3395 794 3447 pro
821 3378 895 3430 meis
929 3375 1149 3430 infirmitatibus
1175 3382 1205 3430 et
1228 3374 1335 3428 mentis
1364 3378 1395 3426 et

349 3461 477 3532 corporis
498 3461 574 3531 apud
593 3479 748 3532 supernam
766 3461 950 3515 clementiam
970 3460 1077 3532 saepius
1096 3458 1272 3514 intervenire
1291 3456 1393 3511 memi-

349 3545 453 3608 nerint,
475 3546 551 3598 etin
570 3547 631 3598 suis
651 3546 759 3617 quique
778 3546 935 3616 provinciis
963 3545 1036 3598 hanc
1054 3544 1128 3597 mihi
1147 3561 1208 3598 suaa
1226 3558 1394 3597 remunera·

349 3628 435 3682 tionis
454 3630 549 3682 vicem
566 3629 734 3699 rependant,
755 3636 787 3684 ut
806 3631 856 3701 qui
877 3629 912 3682 de
932 3628 1058 3700 singulis
1077 3627 1234 3698 provinciis
1248 3627 1310 3681 sive
1323 3624 1395 3679 locis

349 3712 567 3767 sublimioribus
587 3732 651 3783 ques
670 3721 832 3768 memoratu
851 3713 950 3784 digna,
974 3721 1062 3784 atque
1081 3711 1204 3766 incolis’
1231 3714 1317 3782 grata
1334 3726 1395 3765 ere·

350 3794 489 3860 dideram,
504 3796 660 3868 diligenter
679 3807 816 3855 annotare
835 3799 945 3865 curavi,
966 3797 1044 3871 apud
1062 3815 1163 3853 omnes
1190 3796 1320 3852 fructum
1337 3794 1395 3866 piae

351 3878 566 3936 intercessionis
585 3882 740 3938 inveniam.

396 4052 445 4116 De
483 4055 547 4118 isto
580 4054 762 4119 venerabili
797 4054 887 4119 Beda
925 4055 971 4119 sio
1006 4051 1121 4117 scribit
1150 4050 1174 4116 J
1176 4052 1321 4117 ohannes
1359 4050 1396 4113 in
1411 4051 1491 4103 other

353 4154 513 4220 Historia
545 4157 674 4232 Aureo,
698 4163 791 4243 parte
823 4155 931 4233 tertia,
954 4154 1015 4218 sub
1047 4154 1143 4219 annis
1168 4153 1303 4219 Domini
1326 4116 1571 4237 sep-¹¹13,⁰⁰,1‘ff¹¹²⁸os

351 4258 512 4344 tingentis
534 4261 674 4345 triginta
697 4261 813 4337 tribus,
838 4259 983 4344 allegans
1010 4257 1212 4321 Willelmum
1247 4255 1398 4321 Malmes-

351 4361 525 4426 biriensem
541 4367 575 4426 et
591 4363 820 4427 Vincentium:
838 4359 960 4440 “Beda
979 4361 1152 4447 presbyter
1170 4364 1203 4424 et
1219 4357 1398 4424 inonachus

351 4465 491 4530 coenobii
523 4466 609 4550 quod
633 4472 683 4530 est
704 4466 747 4529 ud
773 4465 1012 4542 lVermutham‚
1037 4464 1072 4530 id
1106 4470 1165 4542 est,
1198 4465 1240 4528 ad
1276 4462 1398 4527 ostium

355 4610 411 4618 —.
442 4615 463 4618 .,
481 4615 486 4618 .
569 4615 573 4618 Δ
618 4615 627 4619 ,
679 4615 683 4618 .
711 4615 717 4618 .
740 4614 791 4619 -.....
809 4614 827 4619 .-
843 4614 857 4619 -
881 4608 1398 4619 -——-·-.-—-——..———--————--

389 4699 394 4726 ¹
407 4696 463 4746 MS.
476 4706 571 4760 repeats
585 4695 719 4745 Benedicti.
896 4696 1010 4759 belongs,
1020 4693 1157 4758 according
1166 4701 1191 4743 to
1200 4693 1242 4742 the
1254 4695 1309 4741 best
1321 4690 1398 4741 Mes,

387 4776 622 4841 2Μανῒμνυὶυψίιιιι]
648 4777 712 4831 MS..
736 4775 853 4824 illartilo·
897 4776 947 4823 and
967 4774 1175 4829 altitonantis
1190 4772 1292 4837 Prejiree
1311 4771 1341 4820 of
1357 4769 1400 4818 the

353 4859 424 4920 piune.
899 4853 1014 4903 Historia
1026 4852 1212 4901 Ecclesiastico.

387 4939 396 4963 ³
412 4936 450 4985 Ile
463 4937 572 4995 illinire,
585 4938 645 5002 dcc]
660 4937 716 4987 MS.
728 4938 799 4986 reads
811 4935 855 4983 lib·
933 4937 943 4962 ³
956 4934 1051 4998 incolis]
1068 4934 1122 4983 MS.
1135 4934 1206 4982 reads
1219 4933 1243 4980 in
1257 4928 1322 4978 locis.

353 5033 404 5066 rum
416 5017 444 5066 de
456 5019 558 5076 naturis,
572 5019 617 5067 &c
933 5014 1087 5077 ‘Abridged
1098 5011 1162 5061 from
1174 5011 1354 5073 Malmesbury.

388 5094 539 5149 *Preterea
562 5096 623 5159 &cl
665 5094 727 5144 This
751 5109 854 5157 passage

1209 5172 1270 5237 Η
