<?xml version="1.0" encoding="UTF-8"?>
<!DOCTYPE html PUBLIC "-//W3C//DTD XHTML 1.0 Transitional//EN"
    "http://www.w3.org/TR/xhtml1/DTD/xhtml1-transitional.dtd">
<html xmlns="http://www.w3.org/1999/xhtml" xml:lang="en" lang="en">
 <head>
  <title>
</title>
<meta http-equiv="Content-Type" content="text/html;charset=utf-8" />
  <meta name='ocr-system' content='tesseract 3.04.00' />
  <meta name='ocr-capabilities' content='ocr_page ocr_carea ocr_par ocr_line ocrx_word'/>
</head>
<body>
  <div class='ocr_page' id='page_1' title='image "./libermonasterii00edwagoog_0431.png"; bbox 0 0 3817 6450; ppageno 0'>
   <div class='ocr_carea' id='block_1_1' title="bbox 786 1179 1396 1241">
    <p class='ocr_par' dir='ltr' id='par_1_1' title="bbox 786 1179 1396 1241">
     <span class='ocr_line' id='line_1_1' title="bbox 786 1179 1396 1241; baseline 0.003 -10"><span class='ocrx_word' id='word_1_1' title='bbox 786 1183 972 1234; x_wconf 67' lang='lat' dir='ltr'>APPENDIK</span> <span class='ocrx_word' id='word_1_2' title='bbox 1333 1179 1396 1241; x_wconf 83' lang='grc'>311</span> 
     </span>
    </p>
   </div>
   <div class='ocr_carea' id='block_1_2' title="bbox 352 1370 1400 1769">
    <p class='ocr_par' dir='ltr' id='par_1_2' title="bbox 352 1370 1400 1769">
     <span class='ocr_line' id='line_1_2' title="bbox 352 1370 1400 1460; baseline 0.003 -24"><span class='ocrx_word' id='word_1_3' title='bbox 352 1392 427 1436; x_wconf 91' lang='lat' dir='ltr'>cum</span> <span class='ocrx_word' id='word_1_4' title='bbox 451 1371 606 1434; x_wconf 88' lang='lat' dir='ltr'>universa</span> <span class='ocrx_word' id='word_1_5' title='bbox 628 1370 752 1455; x_wconf 87' lang='lat' dir='ltr'>Anglia</span> <span class='ocrx_word' id='word_1_6' title='bbox 767 1375 957 1437; x_wconf 88' lang='lat' dir='ltr'>commotus.</span> <span class='ocrx_word' id='word_1_7' title='bbox 1002 1371 1099 1440; x_wconf 83' lang='lat' dir='ltr'>curis</span> <span class='ocrx_word' id='word_1_8' title='bbox 1114 1374 1202 1437; x_wconf 91' lang='lat' dir='ltr'>enim</span> <span class='ocrx_word' id='word_1_9' title='bbox 1217 1373 1400 1460; x_wconf 86' lang='lat' dir='ltr'>angebatur</span> 
     </span>
     <span class='ocr_line' id='line_1_3' title="bbox 354 1472 1400 1561; baseline 0.005 -25"><span class='ocrx_word' id='word_1_10' title='bbox 354 1474 453 1536; x_wconf 89' lang='lat' dir='ltr'>nimis</span> <span class='ocrx_word' id='word_1_11' title='bbox 496 1472 766 1537; x_wconf 85' lang='lat' dir='ltr'>animadvertens</span> <span class='ocrx_word' id='word_1_12' title='bbox 797 1495 831 1537; x_wconf 90' lang='lat' dir='ltr'>se</span> <span class='ocrx_word' id='word_1_13' title='bbox 863 1473 950 1538; x_wconf 89' lang='lat' dir='ltr'>bello</span> <span class='ocrx_word' id='word_1_14' title='bbox 974 1496 1041 1540; x_wconf 92' lang='lat' dir='ltr'>non</span> <span class='ocrx_word' id='word_1_15' title='bbox 1084 1497 1179 1561; x_wconf 88' lang='lat' dir='ltr'>posse</span> <span class='ocrx_word' id='word_1_16' title='bbox 1217 1475 1400 1553; x_wconf 83' lang='lat' dir='ltr'>defendere,</span> 
     </span>
     <span class='ocr_line' id='line_1_4' title="bbox 354 1576 1399 1664; baseline 0.004 -25"><span class='ocrx_word' id='word_1_17' title='bbox 354 1577 474 1662; x_wconf 91' lang='lat' dir='ltr'>quippe</span> <span class='ocrx_word' id='word_1_18' title='bbox 497 1598 572 1640; x_wconf 90' lang='lat' dir='ltr'>cum</span> <span class='ocrx_word' id='word_1_19' title='bbox 594 1576 720 1660; x_wconf 90' lang='lat' dir='ltr'>proprii</span> <span class='ocrx_word' id='word_1_20' title='bbox 749 1576 912 1662; x_wconf 80' lang='lat' dir='ltr'>principes</span> <span class='ocrx_word' id='word_1_21' title='bbox 943 1578 1146 1643; x_wconf 76' lang='lat' dir='ltr'>molestiores</span> <span class='ocrx_word' id='word_1_22' title='bbox 1179 1583 1275 1643; x_wconf 90' lang='lat' dir='ltr'>erant</span> <span class='ocrx_word' id='word_1_23' title='bbox 1299 1601 1399 1664; x_wconf 92' lang='lat' dir='ltr'>quam</span> 
     </span>
     <span class='ocr_line' id='line_1_5' title="bbox 354 1678 1399 1769; baseline 0.005 -28"><span class='ocrx_word' id='word_1_24' title='bbox 354 1679 511 1758; x_wconf 79' lang='lat' dir='ltr'>extranei,</span> <span class='ocrx_word' id='word_1_25' title='bbox 549 1682 584 1742; x_wconf 87' lang='lat' dir='ltr'>et</span> <span class='ocrx_word' id='word_1_26' title='bbox 614 1678 791 1763; x_wconf 89' lang='lat' dir='ltr'>suspicioni</span> <span class='ocrx_word' id='word_1_27' title='bbox 830 1679 941 1763; x_wconf 88' lang='lat' dir='ltr'>potius</span> <span class='ocrx_word' id='word_1_28' title='bbox 984 1701 1083 1765; x_wconf 91' lang='lat' dir='ltr'>quam</span> <span class='ocrx_word' id='word_1_29' title='bbox 1118 1681 1222 1745; x_wconf 91' lang='lat' dir='ltr'>amori</span> <span class='ocrx_word' id='word_1_30' title='bbox 1254 1681 1399 1769; x_wconf 66' lang='lat' dir='ltr'>[dediti]</span> 
     </span>
    </p>
   </div>
   <div class='ocr_carea' id='block_1_3' title="bbox 349 1780 1505 3805">
    <p class='ocr_par' dir='ltr' id='par_1_3' title="bbox 349 1780 1505 3805">
     <span class='ocr_line' id='line_1_6' title="bbox 354 1780 1505 1871; baseline 0.004 -26"><span class='ocrx_word' id='word_1_31' title='bbox 354 1781 523 1866; x_wconf 85' lang='lat' dir='ltr'>Siquidem</span> <span class='ocrx_word' id='word_1_32' title='bbox 542 1780 704 1866; x_wconf 87' lang='lat' dir='ltr'>principes</span> <span class='ocrx_word' id='word_1_33' title='bbox 728 1781 1042 1868; x_wconf 74' lang='lat' dir='ltr'>Nom-Anglorum</span> <span class='ocrx_word' id='word_1_34' title='bbox 1067 1784 1124 1870; x_wconf 91' lang='lat' dir='ltr'>qui</span> <span class='ocrx_word' id='word_1_35' title='bbox 1147 1805 1258 1871; x_wconf 85' lang='lat' dir='ltr'>regem</span> <span class='ocrx_word' id='word_1_36' title='bbox 1278 1784 1454 1850; x_wconf 79' lang='lat' dir='ltr'>Henri-fol.</span> <span class='ocrx_word' id='word_1_37' title='bbox 1469 1804 1505 1850; x_wconf 75' lang='grc' dir='ltr'>ιι.</span> 
     </span>
     <span class='ocr_line' id='line_1_7' title="bbox 354 1884 1421 1972; baseline 0.003 -24"><span class='ocrx_word' id='word_1_38' title='bbox 354 1906 427 1948; x_wconf 91' lang='lat' dir='ltr'>cum</span> <span class='ocrx_word' id='word_1_39' title='bbox 441 1885 478 1947; x_wconf 93' lang='lat' dir='ltr'>in</span> <span class='ocrx_word' id='word_1_40' title='bbox 495 1884 736 1947; x_wconf 82' lang='lat' dir='ltr'>Normanniam</span> <span class='ocrx_word' id='word_1_41' title='bbox 752 1905 808 1968; x_wconf 90' lang='lat' dir='ltr'>spe</span> <span class='ocrx_word' id='word_1_42' title='bbox 824 1888 921 1948; x_wconf 89' lang='lat' dir='ltr'>tenus</span> <span class='ocrx_word' id='word_1_43' title='bbox 944 1885 1051 1972; x_wconf 84' lang='lat' dir='ltr'>magis</span> <span class='ocrx_word' id='word_1_44' title='bbox 1074 1908 1174 1972; x_wconf 90' lang='lat' dir='ltr'>quam</span> <span class='ocrx_word' id='word_1_45' title='bbox 1189 1887 1399 1953; x_wconf 86' lang='lat' dir='ltr'>cordetenus</span> <span class='ocrx_word' id='word_1_46' title='bbox 1419 1929 1421 1933; x_wconf 93' lang='lat'>-</span> 
     </span>
     <span class='ocr_line' id='line_1_8' title="bbox 351 1986 1399 2074; baseline 0.005 -25"><span class='ocrx_word' id='word_1_47' title='bbox 351 1986 581 2071; x_wconf 76' lang='lat' dir='ltr'>sequebantur,</span> <span class='ocrx_word' id='word_1_48' title='bbox 600 2008 637 2050; x_wconf 90' lang='lat' dir='ltr'>eo</span> <span class='ocrx_word' id='word_1_49' title='bbox 654 1988 743 2071; x_wconf 93' lang='lat' dir='ltr'>quod</span> <span class='ocrx_word' id='word_1_50' title='bbox 765 1987 844 2050; x_wconf 92' lang='lat' dir='ltr'>dum</span> <span class='ocrx_word' id='word_1_51' title='bbox 865 2008 978 2072; x_wconf 89' lang='lat' dir='ltr'>pacem</span> <span class='ocrx_word' id='word_1_52' title='bbox 1000 1988 1138 2053; x_wconf 89' lang='lat' dir='ltr'>haberet</span> <span class='ocrx_word' id='word_1_53' title='bbox 1152 2010 1322 2074; x_wconf 92' lang='lat' dir='ltr'>nunquam</span> <span class='ocrx_word' id='word_1_54' title='bbox 1345 2011 1399 2054; x_wconf 91' lang='lat' dir='ltr'>eos</span> 
     </span>
     <span class='ocr_line' id='line_1_9' title="bbox 352 2088 1399 2171; baseline 0.004 -20"><span class='ocrx_word' id='word_1_55' title='bbox 352 2089 483 2167; x_wconf 90' lang='lat' dir='ltr'>honore,</span> <span class='ocrx_word' id='word_1_56' title='bbox 517 2094 555 2153; x_wconf 92' lang='lat' dir='ltr'>ut</span> <span class='ocrx_word' id='word_1_57' title='bbox 579 2088 723 2165; x_wconf 81' lang='lat' dir='ltr'>decebat,</span> <span class='ocrx_word' id='word_1_58' title='bbox 747 2092 782 2152; x_wconf 89' lang='lat' dir='ltr'>et</span> <span class='ocrx_word' id='word_1_59' title='bbox 805 2090 994 2153; x_wconf 88' lang='lat' dir='ltr'>reverentia</span> <span class='ocrx_word' id='word_1_60' title='bbox 1025 2091 1203 2171; x_wconf 83' lang='lat' dir='ltr'>habuisset,</span> <span class='ocrx_word' id='word_1_61' title='bbox 1226 2092 1399 2157; x_wconf 84' lang='lat' dir='ltr'>audientes</span> 
     </span>
     <span class='ocr_line' id='line_1_10' title="bbox 351 2191 1397 2271; baseline 0.004 -18"><span class='ocrx_word' id='word_1_62' title='bbox 351 2192 470 2256; x_wconf 85' lang='lat' dir='ltr'>factam</span> <span class='ocrx_word' id='word_1_63' title='bbox 493 2192 651 2255; x_wconf 88' lang='lat' dir='ltr'>adversus</span> <span class='ocrx_word' id='word_1_64' title='bbox 681 2212 755 2255; x_wconf 91' lang='lat' dir='ltr'>eum</span> <span class='ocrx_word' id='word_1_65' title='bbox 785 2191 1086 2271; x_wconf 88' lang='lat' dir='ltr'>commorationem,</span> <span class='ocrx_word' id='word_1_66' title='bbox 1108 2198 1143 2258; x_wconf 91' lang='lat' dir='ltr'>et</span> <span class='ocrx_word' id='word_1_67' title='bbox 1165 2198 1332 2259; x_wconf 88' lang='lat' dir='ltr'>statutum</span> <span class='ocrx_word' id='word_1_68' title='bbox 1354 2194 1397 2257; x_wconf 93' lang='lat' dir='ltr'>ir-</span> 
     </span>
     <span class='ocr_line' id='line_1_11' title="bbox 351 2293 1398 2381; baseline 0.003 -23"><span class='ocrx_word' id='word_1_69' title='bbox 351 2295 512 2379; x_wconf 85' lang='lat' dir='ltr'>ruptionis</span> <span class='ocrx_word' id='word_1_70' title='bbox 547 2300 686 2379; x_wconf 87' lang='lat' dir='ltr'>tempus‚</span> <span class='ocrx_word' id='word_1_71' title='bbox 721 2293 882 2378; x_wconf 85' lang='lat' dir='ltr'>paulatim</span> <span class='ocrx_word' id='word_1_72' title='bbox 920 2315 954 2359; x_wconf 86' lang='lat' dir='ltr'>se</span> <span class='ocrx_word' id='word_1_73' title='bbox 992 2300 1164 2381; x_wconf 88' lang='lat' dir='ltr'>ooeperunt</span> <span class='ocrx_word' id='word_1_74' title='bbox 1196 2297 1398 2375; x_wconf 86' lang='lat' dir='ltr'>subtrahere,</span> 
     </span>
     <span class='ocr_line' id='line_1_12' title="bbox 351 2396 1399 2485; baseline 0.004 -24"><span class='ocrx_word' id='word_1_75' title='bbox 351 2402 384 2461; x_wconf 87' lang='lat' dir='ltr'>et</span> <span class='ocrx_word' id='word_1_76' title='bbox 407 2397 470 2460; x_wconf 91' lang='lat' dir='ltr'>sibi</span> <span class='ocrx_word' id='word_1_77' title='bbox 486 2397 709 2482; x_wconf 89' lang='lat' dir='ltr'>potiusquam</span> <span class='ocrx_word' id='word_1_78' title='bbox 725 2396 774 2459; x_wconf 93' lang='lat' dir='ltr'>illi</span> <span class='ocrx_word' id='word_1_79' title='bbox 789 2397 976 2476; x_wconf 86' lang='lat' dir='ltr'>consulere;</span> <span class='ocrx_word' id='word_1_80' title='bbox 1000 2406 1035 2462; x_wconf 90' lang='lat' dir='ltr'>et</span> <span class='ocrx_word' id='word_1_81' title='bbox 1050 2398 1102 2463; x_wconf 85' lang='lat' dir='ltr'>hae</span> <span class='ocrx_word' id='word_1_82' title='bbox 1118 2403 1213 2462; x_wconf 86' lang='lat' dir='ltr'>erant</span> <span class='ocrx_word' id='word_1_83' title='bbox 1236 2400 1399 2485; x_wconf 81' lang='lat' dir='ltr'>angustiae</span> 
     </span>
     <span class='ocr_line' id='line_1_13' title="bbox 350 2499 1397 2586; baseline 0.003 -23"><span class='ocrx_word' id='word_1_84' title='bbox 350 2501 435 2584; x_wconf 83' lang='lat' dir='ltr'>regis</span> <span class='ocrx_word' id='word_1_85' title='bbox 458 2499 595 2564; x_wconf 88' lang='lat' dir='ltr'>Henrici</span> <span class='ocrx_word' id='word_1_86' title='bbox 618 2521 693 2563; x_wconf 90' lang='lat' dir='ltr'>cum</span> <span class='ocrx_word' id='word_1_87' title='bbox 716 2500 868 2563; x_wconf 83' lang='lat' dir='ltr'>scaenis</span> <span class='ocrx_word' id='word_1_88' title='bbox 890 2500 997 2585; x_wconf 88' lang='lat' dir='ltr'>magis</span> <span class='ocrx_word' id='word_1_89' title='bbox 1019 2500 1125 2565; x_wconf 87' lang='lat' dir='ltr'>deseri</span> <span class='ocrx_word' id='word_1_90' title='bbox 1147 2501 1278 2566; x_wconf 85' lang='lat' dir='ltr'>videret</span> <span class='ocrx_word' id='word_1_91' title='bbox 1298 2523 1397 2586; x_wconf 86' lang='lat' dir='ltr'>quam</span> 
     </span>
     <span class='ocr_line' id='line_1_14' title="bbox 351 2601 1397 2686; baseline 0.003 -21"><span class='ocrx_word' id='word_1_92' title='bbox 351 2603 461 2678; x_wconf 90' lang='lat' dir='ltr'>amari,</span> <span class='ocrx_word' id='word_1_93' title='bbox 485 2602 573 2666; x_wconf 89' lang='lat' dir='ltr'>unde</span> <span class='ocrx_word' id='word_1_94' title='bbox 606 2602 748 2686; x_wconf 89' lang='lat' dir='ltr'>sapienti</span> <span class='ocrx_word' id='word_1_95' title='bbox 771 2623 850 2666; x_wconf 89' lang='lat' dir='ltr'>usus</span> <span class='ocrx_word' id='word_1_96' title='bbox 880 2601 1025 2680; x_wconf 90' lang='lat' dir='ltr'>consilio,</span> <span class='ocrx_word' id='word_1_97' title='bbox 1055 2603 1135 2667; x_wconf 92' lang='lat' dir='ltr'>dum</span> <span class='ocrx_word' id='word_1_98' title='bbox 1163 2625 1197 2667; x_wconf 90' lang='lat' dir='ltr'>se</span> <span class='ocrx_word' id='word_1_99' title='bbox 1222 2607 1333 2668; x_wconf 90' lang='lat' dir='ltr'>totum</span> <span class='ocrx_word' id='word_1_100' title='bbox 1355 2604 1397 2668; x_wconf 88' lang='lat' dir='ltr'>ad</span> 
     </span>
     <span class='ocr_line' id='line_1_15' title="bbox 352 2703 1399 2781; baseline 0.002 -13"><span class='ocrx_word' id='word_1_101' title='bbox 352 2705 530 2768; x_wconf 88' lang='lat' dir='ltr'>Dominum</span> <span class='ocrx_word' id='word_1_102' title='bbox 564 2704 738 2781; x_wconf 90' lang='lat' dir='ltr'>convertit,</span> <span class='ocrx_word' id='word_1_103' title='bbox 775 2703 988 2769; x_wconf 85' lang='lat' dir='ltr'>manifestum</span> <span class='ocrx_word' id='word_1_104' title='bbox 1010 2726 1031 2768; x_wconf 93' lang='lat' dir='ltr'>a</span> <span class='ocrx_word' id='word_1_105' title='bbox 1059 2704 1204 2770; x_wconf 90' lang='lat' dir='ltr'>Domino</span> <span class='ocrx_word' id='word_1_106' title='bbox 1235 2705 1399 2770; x_wconf 84' lang='lat' dir='ltr'>auxilium</span> 
     </span>
     <span class='ocr_line' id='line_1_16' title="bbox 350 2805 1397 2892; baseline 0.001 -22"><span class='ocrx_word' id='word_1_107' title='bbox 350 2807 498 2891; x_wconf 87' lang='lat' dir='ltr'>suscepit.</span> <span class='ocrx_word' id='word_1_108' title='bbox 545 2805 658 2870; x_wconf 87' lang='lat' dir='ltr'>Mense</span> <span class='ocrx_word' id='word_1_109' title='bbox 680 2806 785 2890; x_wconf 85' lang='lat' dir='ltr'>igitur</span> <span class='ocrx_word' id='word_1_110' title='bbox 807 2805 900 2870; x_wconf 84' lang='lat' dir='ltr'>Julio</span> <span class='ocrx_word' id='word_1_111' title='bbox 922 2827 984 2871; x_wconf 87' lang='lat' dir='ltr'>rex</span> <span class='ocrx_word' id='word_1_112' title='bbox 1018 2805 1242 2886; x_wconf 86' lang='lat' dir='ltr'>Laodowicus,</span> <span class='ocrx_word' id='word_1_113' title='bbox 1264 2828 1397 2892; x_wconf 83' lang='lat' dir='ltr'>cougre-</span> 
     </span>
     <span class='ocr_line' id='line_1_17' title="bbox 350 2907 1397 2995; baseline 0.002 -23"><span class='ocrx_word' id='word_1_114' title='bbox 350 2913 428 2995; x_wconf 83' lang='lat' dir='ltr'>gato</span> <span class='ocrx_word' id='word_1_115' title='bbox 467 2908 613 2972; x_wconf 83' lang='lat' dir='ltr'>exercitu</span> <span class='ocrx_word' id='word_1_116' title='bbox 651 2907 771 2971; x_wconf 90' lang='lat' dir='ltr'>minori</span> <span class='ocrx_word' id='word_1_117' title='bbox 808 2929 908 2993; x_wconf 92' lang='lat' dir='ltr'>quam</span> <span class='ocrx_word' id='word_1_118' title='bbox 939 2912 1124 2994; x_wconf 84' lang='lat' dir='ltr'>putaverat,</span> <span class='ocrx_word' id='word_1_119' title='bbox 1156 2909 1397 2975; x_wconf 79' lang='lat' dir='ltr'>Normanniam</span> 
     </span>
     <span class='ocr_line' id='line_1_18' title="bbox 352 3009 1396 3088; baseline 0.002 -13"><span class='ocrx_word' id='word_1_120' title='bbox 352 3014 435 3075; x_wconf 90' lang='lat' dir='ltr'>circa</span> <span class='ocrx_word' id='word_1_121' title='bbox 457 3012 539 3074; x_wconf 87' lang='lat' dir='ltr'>fines</span> <span class='ocrx_word' id='word_1_122' title='bbox 571 3009 698 3074; x_wconf 89' lang='lat' dir='ltr'>Mortui</span> <span class='ocrx_word' id='word_1_123' title='bbox 733 3010 835 3074; x_wconf 87' lang='lat' dir='ltr'>Maris</span> <span class='ocrx_word' id='word_1_124' title='bbox 861 3010 1013 3088; x_wconf 89' lang='lat' dir='ltr'>intravit,</span> <span class='ocrx_word' id='word_1_125' title='bbox 1038 3015 1072 3075; x_wconf 89' lang='lat' dir='ltr'>et</span> <span class='ocrx_word' id='word_1_126' title='bbox 1095 3033 1162 3076; x_wconf 90' lang='lat' dir='ltr'>uno</span> <span class='ocrx_word' id='word_1_127' title='bbox 1184 3017 1318 3077; x_wconf 86' lang='lat' dir='ltr'>tantum</span> <span class='ocrx_word' id='word_1_128' title='bbox 1342 3011 1396 3077; x_wconf 90' lang='lat' dir='ltr'>die</span> 
     </span>
     <span class='ocr_line' id='line_1_19' title="bbox 350 3113 1396 3200; baseline 0.003 -23"><span class='ocrx_word' id='word_1_129' title='bbox 350 3119 384 3177; x_wconf 90' lang='lat' dir='ltr'>et</span> <span class='ocrx_word' id='word_1_130' title='bbox 407 3119 501 3178; x_wconf 90' lang='lat' dir='ltr'>nocte</span> <span class='ocrx_word' id='word_1_131' title='bbox 528 3113 653 3177; x_wconf 89' lang='lat' dir='ltr'>otiosus</span> <span class='ocrx_word' id='word_1_132' title='bbox 684 3113 788 3198; x_wconf 82' lang='lat' dir='ltr'>magis</span> <span class='ocrx_word' id='word_1_133' title='bbox 813 3135 913 3199; x_wconf 92' lang='lat' dir='ltr'>quam</span> <span class='ocrx_word' id='word_1_134' title='bbox 937 3114 1110 3179; x_wconf 88' lang='lat' dir='ltr'>bellicosus</span> <span class='ocrx_word' id='word_1_135' title='bbox 1132 3114 1181 3179; x_wconf 92' lang='lat' dir='ltr'>ibi</span> <span class='ocrx_word' id='word_1_136' title='bbox 1203 3136 1396 3200; x_wconf 89' lang='lat' dir='ltr'>permanens</span> 
     </span>
     <span class='ocr_line' id='line_1_20' title="bbox 352 3214 1396 3302; baseline 0.001 -20"><span class='ocrx_word' id='word_1_137' title='bbox 352 3216 491 3282; x_wconf 80' lang='lat' dir='ltr'>Galbam</span> <span class='ocrx_word' id='word_1_138' title='bbox 530 3216 697 3281; x_wconf 82' lang='lat' dir='ltr'>remeavit.</span> <span class='ocrx_word' id='word_1_139' title='bbox 745 3214 862 3282; x_wconf 84' lang='lat' dir='ltr'>Comes</span> <span class='ocrx_word' id='word_1_140' title='bbox 900 3238 1030 3302; x_wconf 89' lang='lat' dir='ltr'>quoque</span> <span class='ocrx_word' id='word_1_141' title='bbox 1070 3215 1286 3283; x_wconf 84' lang='lat' dir='ltr'>Flandrensis</span> <span class='ocrx_word' id='word_1_142' title='bbox 1322 3240 1396 3283; x_wconf 90' lang='lat' dir='ltr'>cum</span> 
     </span>
     <span class='ocr_line' id='line_1_21' title="bbox 350 3319 1396 3407; baseline 0.003 -24"><span class='ocrx_word' id='word_1_143' title='bbox 350 3319 483 3384; x_wconf 80' lang='lat' dir='ltr'>deberet</span> <span class='ocrx_word' id='word_1_144' title='bbox 498 3319 566 3382; x_wconf 85' lang='lat' dir='ltr'>suis</span> <span class='ocrx_word' id='word_1_145' title='bbox 589 3340 662 3383; x_wconf 89' lang='lat' dir='ltr'>cum</span> <span class='ocrx_word' id='word_1_146' title='bbox 686 3319 786 3404; x_wconf 89' lang='lat' dir='ltr'>copiis</span> <span class='ocrx_word' id='word_1_147' title='bbox 809 3319 839 3382; x_wconf 93' lang='lat' dir='ltr'>ei</span> <span class='ocrx_word' id='word_1_148' title='bbox 861 3340 1057 3399; x_wconf 85' lang='lat' dir='ltr'>succurrere,</span> <span class='ocrx_word' id='word_1_149' title='bbox 1080 3341 1139 3406; x_wconf 86' lang='lat' dir='ltr'>por</span> <span class='ocrx_word' id='word_1_150' title='bbox 1154 3321 1253 3385; x_wconf 88' lang='lat' dir='ltr'>aliam</span> <span class='ocrx_word' id='word_1_151' title='bbox 1268 3325 1396 3407; x_wconf 83' lang='lat' dir='ltr'>partem</span> 
     </span>
     <span class='ocr_line' id='line_1_22' title="bbox 349 3421 1396 3508; baseline 0.004 -23"><span class='ocrx_word' id='word_1_152' title='bbox 349 3423 499 3497; x_wconf 89' lang='lat' dir='ltr'>intravit,</span> <span class='ocrx_word' id='word_1_153' title='bbox 544 3428 578 3486; x_wconf 91' lang='lat' dir='ltr'>et</span> <span class='ocrx_word' id='word_1_154' title='bbox 616 3443 683 3485; x_wconf 90' lang='lat' dir='ltr'>non</span> <span class='ocrx_word' id='word_1_155' title='bbox 722 3421 859 3485; x_wconf 66' lang='lat' dir='ltr'>invento</span> <span class='ocrx_word' id='word_1_156' title='bbox 893 3443 970 3508; x_wconf 82' lang='lat' dir='ltr'>rege</span> <span class='ocrx_word' id='word_1_157' title='bbox 1013 3422 1219 3508; x_wconf 85' lang='lat' dir='ltr'>repatriavit.</span> <span class='ocrx_word' id='word_1_158' title='bbox 1266 3423 1312 3490; x_wconf 84' lang='lat' dir='ltr'>Et</span> <span class='ocrx_word' id='word_1_159' title='bbox 1345 3423 1396 3489; x_wconf 90' lang='lat' dir='ltr'>ita</span> 
     </span>
     <span class='ocr_line' id='line_1_23' title="bbox 351 3523 1397 3612; baseline 0.002 -24"><span class='ocrx_word' id='word_1_160' title='bbox 351 3524 523 3589; x_wconf 88' lang='lat' dir='ltr'>manifesto</span> <span class='ocrx_word' id='word_1_161' title='bbox 548 3523 612 3588; x_wconf 90' lang='lat' dir='ltr'>Dei</span> <span class='ocrx_word' id='word_1_162' title='bbox 629 3524 755 3608; x_wconf 90' lang='lat' dir='ltr'>judicio</span> <span class='ocrx_word' id='word_1_163' title='bbox 787 3524 913 3590; x_wconf 89' lang='lat' dir='ltr'>factum</span> <span class='ocrx_word' id='word_1_164' title='bbox 936 3529 1049 3590; x_wconf 88' lang='lat' dir='ltr'>estut</span> <span class='ocrx_word' id='word_1_165' title='bbox 1079 3529 1194 3590; x_wconf 73' lang='lat' dir='ltr'>tentus</span> <span class='ocrx_word' id='word_1_166' title='bbox 1218 3531 1397 3612; x_wconf 77' lang='lat' dir='ltr'>apparatus</span> 
     </span>
     <span class='ocr_line' id='line_1_24' title="bbox 351 3627 1395 3710; baseline 0.004 -20"><span class='ocrx_word' id='word_1_167' title='bbox 351 3633 528 3710; x_wconf 87' lang='lat' dir='ltr'>tantusque</span> <span class='ocrx_word' id='word_1_168' title='bbox 551 3627 700 3690; x_wconf 91' lang='lat' dir='ltr'>incursus</span> <span class='ocrx_word' id='word_1_169' title='bbox 723 3627 817 3691; x_wconf 88' lang='lat' dir='ltr'>fieret</span> <span class='ocrx_word' id='word_1_170' title='bbox 839 3627 957 3707; x_wconf 90' lang='lat' dir='ltr'>inanis,</span> <span class='ocrx_word' id='word_1_171' title='bbox 982 3632 1017 3692; x_wconf 92' lang='lat' dir='ltr'>et</span> <span class='ocrx_word' id='word_1_172' title='bbox 1043 3649 1103 3693; x_wconf 83' lang='lat' dir='ltr'>rex</span> <span class='ocrx_word' id='word_1_173' title='bbox 1127 3628 1302 3706; x_wconf 90' lang='lat' dir='ltr'>Henricus,</span> <span class='ocrx_word' id='word_1_174' title='bbox 1325 3628 1395 3695; x_wconf 90' lang='lat' dir='ltr'>Deo</span> 
     </span>
     <span class='ocr_line' id='line_1_25' title="bbox 350 3729 905 3805; baseline 0.002 -12"><span class='ocrx_word' id='word_1_175' title='bbox 350 3729 539 3805; x_wconf 80' lang='lat' dir='ltr'>auxiliante,</span> <span class='ocrx_word' id='word_1_176' title='bbox 555 3735 702 3793; x_wconf 87' lang='lat' dir='ltr'>maneret</span> <span class='ocrx_word' id='word_1_177' title='bbox 722 3729 905 3793; x_wconf 84' lang='lat' dir='ltr'>immobilis</span> 
     </span>
    </p>
   </div>
   <div class='ocr_carea' id='block_1_4' title="bbox 393 3929 1562 4010">
    <p class='ocr_par' dir='ltr' id='par_1_4' title="bbox 393 3929 1562 4010">
     <span class='ocr_line' id='line_1_26' title="bbox 393 3929 1562 4010; baseline 0 -15"><span class='ocrx_word' id='word_1_178' title='bbox 393 3933 490 3996; x_wconf 83' lang='lat' dir='ltr'>Anno</span> <span class='ocrx_word' id='word_1_179' title='bbox 523 3929 565 3994; x_wconf 89' lang='lat' dir='ltr'>ab</span> <span class='ocrx_word' id='word_1_180' title='bbox 599 3931 825 3995; x_wconf 88' lang='lat' dir='ltr'>incarnatione</span> <span class='ocrx_word' id='word_1_181' title='bbox 860 3930 995 3995; x_wconf 91' lang='lat' dir='ltr'>Domini</span> <span class='ocrx_word' id='word_1_182' title='bbox 1024 3929 1219 4010; x_wconf 78' lang='lat' dir='ltr'>M⁰c⁰xvl11⁰,</span> <span class='ocrx_word' id='word_1_183' title='bbox 1252 3929 1397 3996; x_wconf 88' lang='lat' dir='ltr'>Henrico</span> <span class='ocrx_word' id='word_1_184' title='bbox 1408 3935 1478 3987; x_wconf 56' lang='lat' dir='ltr'>AD·</span> <span class='ocrx_word' id='word_1_185' title='bbox 1491 3942 1562 3989; x_wconf 81' lang='lat'>1118.</span> 
     </span>
    </p>
   </div>
   <div class='ocr_carea' id='block_1_5' title="bbox 350 4003 1556 4122">
    <p class='ocr_par' dir='ltr' id='par_1_5' title="bbox 350 4003 1556 4122">
     <span class='ocr_line' id='line_1_27' title="bbox 350 4003 1556 4122; baseline -0.002 -24"><span class='ocrx_word' id='word_1_186' title='bbox 350 4059 422 4122; x_wconf 83' lang='lat' dir='ltr'>rege</span> <span class='ocrx_word' id='word_1_187' title='bbox 439 4036 473 4097; x_wconf 90' lang='lat' dir='ltr'>in</span> <span class='ocrx_word' id='word_1_188' title='bbox 489 4033 694 4097; x_wconf 88' lang='lat' dir='ltr'>Normannia</span> <span class='ocrx_word' id='word_1_189' title='bbox 717 4033 906 4112; x_wconf 87' lang='lat' dir='ltr'>constituto,</span> <span class='ocrx_word' id='word_1_190' title='bbox 921 4032 1119 4098; x_wconf 84' lang='lat' dir='ltr'>venerabilis</span> <span class='ocrx_word' id='word_1_191' title='bbox 1141 4033 1255 4120; x_wconf 88' lang='lat' dir='ltr'>regina</span> <span class='ocrx_word' id='word_1_192' title='bbox 1276 4034 1310 4098; x_wconf 94' lang='lat' dir='ltr'>N</span> <span class='ocrx_word' id='word_1_193' title='bbox 1312 4055 1396 4098; x_wconf 91' lang='lat' dir='ltr'>orm-</span> <span class='ocrx_word' id='word_1_194' title='bbox 1408 4003 1556 4121; x_wconf 54' lang='lat' dir='ltr'>ffitfflf</span> 
     </span>
    </p>
   </div>
   <div class='ocr_carea' id='block_1_6' title="bbox 346 4134 1537 5042">
    <p class='ocr_par' dir='ltr' id='par_1_6' title="bbox 346 4134 1537 5042">
     <span class='ocr_line' id='line_1_28' title="bbox 349 4134 1537 4223; baseline -0.005 -22"><span class='ocrx_word' id='word_1_195' title='bbox 349 4139 531 4223; x_wconf 78' lang='lat' dir='ltr'>Anglorum</span> <span class='ocrx_word' id='word_1_196' title='bbox 555 4136 690 4200; x_wconf 91' lang='lat' dir='ltr'>domina</span> <span class='ocrx_word' id='word_1_197' title='bbox 713 4135 871 4214; x_wconf 89' lang='lat' dir='ltr'>Matildis,</span> <span class='ocrx_word' id='word_1_198' title='bbox 895 4135 1036 4200; x_wconf 92' lang='lat' dir='ltr'>secundo</span> <span class='ocrx_word' id='word_1_199' title='bbox 1058 4135 1220 4200; x_wconf 84' lang='lat' dir='ltr'>kalendas</span> <span class='ocrx_word' id='word_1_200' title='bbox 1243 4134 1334 4214; x_wconf 85' lang='lat' dir='ltr'>Maii,</span> <span class='ocrx_word' id='word_1_201' title='bbox 1358 4140 1397 4200; x_wconf 85' lang='lat' dir='ltr'>ut</span> <span class='ocrx_word' id='word_1_202' title='bbox 1410 4136 1537 4195; x_wconf 68' lang='lat' dir='ltr'>Swtltnd.</span> 
     </span>
     <span class='ocr_line' id='line_1_29' title="bbox 349 4204 1530 4335; baseline -0.001 -34"><span class='ocrx_word' id='word_1_203' title='bbox 349 4239 429 4303; x_wconf 88' lang='lat' dir='ltr'>fides</span> <span class='ocrx_word' id='word_1_204' title='bbox 452 4242 560 4325; x_wconf 88' lang='lat' dir='ltr'>sperat</span> <span class='ocrx_word' id='word_1_205' title='bbox 583 4237 738 4314; x_wconf 88' lang='lat' dir='ltr'>fidelium,</span> <span class='ocrx_word' id='word_1_206' title='bbox 763 4241 861 4324; x_wconf 89' lang='lat' dir='ltr'>rapta</span> <span class='ocrx_word' id='word_1_207' title='bbox 883 4242 933 4301; x_wconf 90' lang='lat' dir='ltr'>est</span> <span class='ocrx_word' id='word_1_208' title='bbox 956 4236 999 4301; x_wconf 87' lang='lat' dir='ltr'>ad</span> <span class='ocrx_word' id='word_1_209' title='bbox 1025 4257 1165 4323; x_wconf 88' lang='lat' dir='ltr'>superos,</span> <span class='ocrx_word' id='word_1_210' title='bbox 1193 4259 1281 4302; x_wconf 89' lang='lat' dir='ltr'>anno</span> <span class='ocrx_word' id='word_1_211' title='bbox 1303 4237 1396 4323; x_wconf 85' lang='lat' dir='ltr'>regni</span> <span class='ocrx_word' id='word_1_212' title='bbox 1408 4204 1530 4335; x_wconf 51' lang='grc' dir='ltr'>ἓῇῗξοῖ</span> 
     </span>
     <span class='ocr_line' id='line_1_30' title="bbox 348 4339 1395 4426; baseline -0.003 -21"><span class='ocrx_word' id='word_1_213' title='bbox 348 4342 398 4405; x_wconf 86' lang='lat' dir='ltr'>sui</span> <span class='ocrx_word' id='word_1_214' title='bbox 422 4339 519 4418; x_wconf 80' lang='lat' dir='ltr'>xvii0,</span> <span class='ocrx_word' id='word_1_215' title='bbox 543 4341 707 4404; x_wconf 88' lang='lat' dir='ltr'>adventus</span> <span class='ocrx_word' id='word_1_216' title='bbox 739 4362 816 4404; x_wconf 90' lang='lat' dir='ltr'>vero</span> <span class='ocrx_word' id='word_1_217' title='bbox 846 4339 1152 4426; x_wconf 83' lang='lat' dir='ltr'>Norm-Anglorum</span> <span class='ocrx_word' id='word_1_218' title='bbox 1180 4341 1216 4403; x_wconf 92' lang='lat' dir='ltr'>in</span> <span class='ocrx_word' id='word_1_219' title='bbox 1239 4339 1395 4425; x_wconf 80' lang='lat' dir='ltr'>Angliam</span> 
     </span>
     <span class='ocr_line' id='line_1_31' title="bbox 348 4438 1394 4529; baseline -0.002 -22"><span class='ocrx_word' id='word_1_220' title='bbox 348 4465 435 4508; x_wconf 86' lang='lat' dir='ltr'>anno</span> <span class='ocrx_word' id='word_1_221' title='bbox 458 4443 584 4507; x_wconf 89' lang='lat' dir='ltr'>circiter</span> <span class='ocrx_word' id='word_1_222' title='bbox 607 4441 680 4521; x_wconf 89' lang='lat' dir='ltr'>liii⁰,</span> <span class='ocrx_word' id='word_1_223' title='bbox 704 4442 842 4506; x_wconf 81' lang='lat' dir='ltr'>foemina</span> <span class='ocrx_word' id='word_1_224' title='bbox 860 4463 938 4508; x_wconf 89' lang='lat' dir='ltr'>vere</span> <span class='ocrx_word' id='word_1_225' title='bbox 960 4440 1233 4529; x_wconf 85' lang='lat' dir='ltr'>incomparabilis,</span> <span class='ocrx_word' id='word_1_226' title='bbox 1250 4441 1287 4505; x_wconf 91' lang='lat' dir='ltr'>in</span> <span class='ocrx_word' id='word_1_227' title='bbox 1303 4438 1394 4525; x_wconf 89' lang='lat' dir='ltr'>eujus</span> 
     </span>
     <span class='ocr_line' id='line_1_32' title="bbox 348 4542 1394 4631; baseline -0.003 -23"><span class='ocrx_word' id='word_1_228' title='bbox 348 4549 419 4610; x_wconf 89' lang='lat' dir='ltr'>vita</span> <span class='ocrx_word' id='word_1_229' title='bbox 441 4545 555 4609; x_wconf 88' lang='lat' dir='ltr'>floruit</span> <span class='ocrx_word' id='word_1_230' title='bbox 577 4543 709 4630; x_wconf 85' lang='lat' dir='ltr'>Anglia,</span> <span class='ocrx_word' id='word_1_231' title='bbox 737 4550 770 4609; x_wconf 91' lang='lat' dir='ltr'>et</span> <span class='ocrx_word' id='word_1_232' title='bbox 793 4544 828 4610; x_wconf 91' lang='lat' dir='ltr'>in</span> <span class='ocrx_word' id='word_1_233' title='bbox 858 4545 929 4631; x_wconf 88' lang='lat' dir='ltr'>ejus</span> <span class='ocrx_word' id='word_1_234' title='bbox 960 4551 1066 4609; x_wconf 88' lang='lat' dir='ltr'>morte</span> <span class='ocrx_word' id='word_1_235' title='bbox 1088 4543 1213 4609; x_wconf 86' lang='lat' dir='ltr'>decidit</span> <span class='ocrx_word' id='word_1_236' title='bbox 1232 4543 1293 4608; x_wconf 91' lang='lat' dir='ltr'>flos</span> <span class='ocrx_word' id='word_1_237' title='bbox 1315 4542 1394 4627; x_wconf 84' lang='lat' dir='ltr'>ejus,</span> 
     </span>
     <span class='ocr_line' id='line_1_33' title="bbox 347 4644 1396 4733; baseline -0.005 -20"><span class='ocrx_word' id='word_1_238' title='bbox 347 4656 381 4713; x_wconf 88' lang='lat' dir='ltr'>ct</span> <span class='ocrx_word' id='word_1_239' title='bbox 404 4648 510 4711; x_wconf 89' lang='lat' dir='ltr'>omnis</span> <span class='ocrx_word' id='word_1_240' title='bbox 537 4647 632 4712; x_wconf 88' lang='lat' dir='ltr'>decor</span> <span class='ocrx_word' id='word_1_241' title='bbox 655 4649 725 4733; x_wconf 89' lang='lat' dir='ltr'>ejus</span> <span class='ocrx_word' id='word_1_242' title='bbox 751 4646 881 4711; x_wconf 87' lang='lat' dir='ltr'>ablatus</span> <span class='ocrx_word' id='word_1_243' title='bbox 903 4651 955 4711; x_wconf 90' lang='lat' dir='ltr'>est</span> <span class='ocrx_word' id='word_1_244' title='bbox 976 4647 1019 4711; x_wconf 87' lang='lat' dir='ltr'>ab</span> <span class='ocrx_word' id='word_1_245' title='bbox 1042 4669 1087 4712; x_wconf 87' lang='lat' dir='ltr'>ea</span> <span class='ocrx_word' id='word_1_246' title='bbox 1135 4645 1172 4711; x_wconf 88' lang='lat' dir='ltr'>Si</span> <span class='ocrx_word' id='word_1_247' title='bbox 1195 4646 1282 4711; x_wconf 91' lang='lat' dir='ltr'>enim</span> <span class='ocrx_word' id='word_1_248' title='bbox 1304 4644 1396 4709; x_wconf 88' lang='lat' dir='ltr'>beati</span> 
     </span>
     <span class='ocr_line' id='line_1_34' title="bbox 346 4746 1395 4835; baseline -0.007 -19"><span class='ocrx_word' id='word_1_249' title='bbox 346 4752 368 4816; x_wconf 86' lang='lat' dir='ltr'><strong>J</strong></span> <span class='ocrx_word' id='word_1_250' title='bbox 371 4751 507 4814; x_wconf 87' lang='lat' dir='ltr'>eronimi</span> <span class='ocrx_word' id='word_1_251' title='bbox 535 4749 709 4813; x_wconf 86' lang='lat' dir='ltr'>mansisset</span> <span class='ocrx_word' id='word_1_252' title='bbox 732 4748 943 4834; x_wconf 89' lang='lat' dir='ltr'>temporibus,</span> <span class='ocrx_word' id='word_1_253' title='bbox 974 4748 1116 4835; x_wconf 85' lang='lat' dir='ltr'>profecto</span> <span class='ocrx_word' id='word_1_254' title='bbox 1139 4770 1213 4813; x_wconf 90' lang='lat' dir='ltr'>cum</span> <span class='ocrx_word' id='word_1_255' title='bbox 1245 4746 1395 4812; x_wconf 84' lang='lat' dir='ltr'>ordinata</span> 
     </span>
     <span class='ocr_line' id='line_1_35' title="bbox 348 4849 1396 4928; baseline -0.005 -12"><span class='ocrx_word' id='word_1_256' title='bbox 348 4854 404 4916; x_wconf 88' lang='lat' dir='ltr'>illa</span> <span class='ocrx_word' id='word_1_257' title='bbox 442 4851 596 4915; x_wconf 84' lang='lat' dir='ltr'>facundia</span> <span class='ocrx_word' id='word_1_258' title='bbox 634 4874 693 4915; x_wconf 88' lang='lat' dir='ltr'>sua</span> <span class='ocrx_word' id='word_1_259' title='bbox 731 4851 871 4915; x_wconf 90' lang='lat' dir='ltr'>infinitis</span> <span class='ocrx_word' id='word_1_260' title='bbox 909 4873 981 4916; x_wconf 87' lang='lat' dir='ltr'>eam</span> <span class='ocrx_word' id='word_1_261' title='bbox 1020 4851 1175 4916; x_wconf 90' lang='lat' dir='ltr'>laudibus</span> <span class='ocrx_word' id='word_1_262' title='bbox 1212 4849 1396 4928; x_wconf 85' lang='lat' dir='ltr'>extulisset;</span> 
     </span>
     <span class='ocr_line' id='line_1_36' title="bbox 346 4951 1525 5042; baseline -0.004 -23"><span class='ocrx_word' id='word_1_263' title='bbox 346 4957 412 5019; x_wconf 85' lang='lat' dir='ltr'>fuit</span> <span class='ocrx_word' id='word_1_264' title='bbox 444 4977 584 5038; x_wconf 81' lang='lat' dir='ltr'>namque</span> <span class='ocrx_word' id='word_1_265' title='bbox 615 4955 746 5041; x_wconf 82' lang='lat' dir='ltr'>gemina</span> <span class='ocrx_word' id='word_1_266' title='bbox 777 4954 950 5019; x_wconf 88' lang='lat' dir='ltr'>dilectione</span> <span class='ocrx_word' id='word_1_267' title='bbox 982 4977 1079 5042; x_wconf 90' lang='lat' dir='ltr'>super</span> <span class='ocrx_word' id='word_1_268' title='bbox 1109 4974 1220 5018; x_wconf 88' lang='lat' dir='ltr'>omnes</span> <span class='ocrx_word' id='word_1_269' title='bbox 1246 4951 1396 5016; x_wconf 83' lang='lat' dir='ltr'>foeminas</span> <span class='ocrx_word' id='word_1_270' title='bbox 1408 4954 1451 5006; x_wconf 80' lang='lat' dir='ltr'>fol.</span> <span class='ocrx_word' id='word_1_271' title='bbox 1465 4956 1525 5007; x_wconf 73' lang='lat' dir='ltr'>l⁵b</span> 
     </span>
    </p>
   </div>
   <div class='ocr_carea' id='block_1_7' title="bbox 349 5054 1394 5144">
    <p class='ocr_par' dir='ltr' id='par_1_7' title="bbox 349 5054 1394 5144">
     <span class='ocr_line' id='line_1_37' title="bbox 349 5054 1394 5144; baseline -0.002 -22"><span class='ocrx_word' id='word_1_272' title='bbox 349 5060 381 5122; x_wconf 89' lang='lat' dir='ltr'>in</span> <span class='ocrx_word' id='word_1_273' title='bbox 407 5064 543 5123; x_wconf 86' lang='lat' dir='ltr'>tantum</span> <span class='ocrx_word' id='word_1_274' title='bbox 559 5058 687 5135; x_wconf 83' lang='lat' dir='ltr'>referta,</span> <span class='ocrx_word' id='word_1_275' title='bbox 704 5063 742 5122; x_wconf 91' lang='lat' dir='ltr'>ut</span> <span class='ocrx_word' id='word_1_276' title='bbox 758 5057 864 5121; x_wconf 87' lang='lat' dir='ltr'>omnis</span> <span class='ocrx_word' id='word_1_277' title='bbox 887 5056 958 5144; x_wconf 87' lang='lat' dir='ltr'>ejus</span> <span class='ocrx_word' id='word_1_278' title='bbox 980 5056 1124 5124; x_wconf 87' lang='lat' dir='ltr'>intentio</span> <span class='ocrx_word' id='word_1_279' title='bbox 1146 5054 1266 5120; x_wconf 80' lang='lat' dir='ltr'>adhoc</span> <span class='ocrx_word' id='word_1_280' title='bbox 1289 5054 1394 5120; x_wconf 89' lang='lat' dir='ltr'>inten-</span> 
     </span>
    </p>
   </div>
   <div class='ocr_carea' id='block_1_8' title="bbox 0 0 1914 6450">
    <p class='ocr_par' dir='ltr' id='par_1_8' title="bbox 0 0 1914 6450">
     <span class='ocr_line' id='line_1_38' title="bbox 0 0 1914 6450; baseline 0 1"><span class='ocrx_word' id='word_1_281' title='bbox 0 0 1914 6450; x_wconf 95' lang='lat' dir='ltr'> </span> 
     </span>
    </p>
   </div>
  </div>
 </body>
</html>
