3817 6450
717 1192 821 1241 mana
842 1191 889 1239 ns
911 1189 1020 1239 aros.
1328 1178 1392 1239 125

478 1374 496 1400 “
519 1372 578 1431 tur·
591 1360 728 1429 vobis.'’¹
777 1362 852 1442 Qua
867 1362 908 1426 de
924 1383 960 1427 re
975 1361 1090 1425 infima
1105 1362 1198 1446 quasi
1213 1362 1395 1448 peripsema
1407 1379 1475 1431 an.
1488 1384 1546 1431 osa,

478 1466 729 1552 quisquiliarum
759 1465 924 1549 abjiciens,
957 1486 1099 1549 superna
1120 1465 1163 1528 ad
1193 1464 1300 1528 instar
1322 1485 1394 1548 pre·
1500 1514 1504 1530 .

479 1570 635 1634 tiosorum
670 1568 843 1632 monilium
877 1567 1010 1653 eligens,
1043 1565 1285 1653 adipiscendam
1316 1565 1395 1630 mel-

476 1671 577 1735 lifluae
600 1669 782 1734 dulcedinis
812 1668 1067 1733 misericordiam
1099 1667 1394 1753 perfruendamque

476 1773 617 1837 infinitae
640 1771 768 1835 laetitiae
786 1770 1050 1855 jucunditatem:
1077 1770 1147 1856 Ego
1168 1771 1395 1848 Athelstanus‚

475 1896 534 1939 rex
570 1874 764 1959 Anglomm‚
809 1894 867 1958 per
913 1871 1179 1958 Omnipatrantis
1224 1872 1393 1936 dexteram

476 1975 581 2040 totius
613 1975 796 2039 Britanniae
825 1973 919 2060 regni
951 1974 1032 2037 solio
1063 1974 1267 2051 sublimatus
1292 1994 1393 2057 quan-

477 2079 553 2142 dam
592 2077 718 2142 telluris
756 2077 951 2163 particulam
990 2098 1062 2141 meo
1106 2076 1196 2141 fideli
1241 2076 1393 2140 ministro

479 2179 635 2258 AElfredo,
660 2179 696 2243 id
722 2184 781 2255 est,
804 2178 862 2243 xii.
893 2183 1095 2243 cassatorum
1125 2178 1160 2241 in
1192 2178 1265 2242 loco
1295 2198 1392 2262 quern

477 2282 616 2347 solicolae
641 2286 683 2346 aet
712 2280 882 2347 Staabuma
903 2282 1063 2358 vocitant,
1087 2280 1213 2365 [tribuo
1223 2282 1259 2364 l],
1282 2301 1321 2344 ea
1343 2280 1394 2343 in-

477 2384 654 2469 terjacente
677 2383 872 2462 conditione,
896 2390 935 2447 ut
958 2384 1048 2449 omni
1063 2384 1124 2459 die,
1139 2404 1243 2467 usque
1266 2404 1394 2468 magnae

477 2485 693 2550 districtionis
723 2484 842 2571 judicii
877 2482 1001 2564 anno,2
1033 2485 1089 2550 ille
1118 2484 1394 2569 successionisque

476 2588 554 2673 ejus
576 2594 708 2652 centum
732 2587 852 2674 viginti
868 2586 1049 2673 evangelici
1066 2586 1300 2672 paradigmatis
1315 2607 1396 2671 pau-

478 2711 569 2776 peres
591 2689 690 2754 semel
714 2710 797 2775 pane
821 2711 895 2753 cum
917 2689 1088 2774 pulmento
1115 2686 1281 2765 dulcifer0‚
1312 2687 1394 2750 hau-

476 2800 594 2877 stuque
624 2791 764 2877 potifero
794 2812 932 2876 pascere,
964 2790 1084 2854 anirnae
1121 2811 1179 2876 pro
1210 2789 1395 2853 excessibus

477 2915 567 2970 meae,
591 2892 653 2956 sub
676 2898 763 2957 sorte
785 2891 908 2957 ullius³
931 2892 1201 2957 contradictionis
1226 2913 1292 2955 non
1313 2891 1396 2955 obli-

477 2996 660 3059 viscantur..
703 2994 852 3060 Familiae
885 3016 1015 3080 quoque
1046 3001 1087 3059 cat
1114 2993 1290 3070 Statiliam,
1323 3014 1395 3079 pas-

477 3103 549 3161 tum
581 3103 707 3183 semper
731 3097 874 3161 conferre
900 3096 1142 3174 electissimum,
1174 3096 1324 3160 divinam
1356 3100 1396 3159 ut

477 3200 631 3285 consequi
660 3199 848 3286 plenissime
885 3198 1013 3264 valeam
1044 3196 1298 3263 misericordiam
1329 3218 1396 3262 non

478 3303 665 3388 pigrescant
688 3303 807 3379 tribuo,
841 3308 1005 3386 quatenus
1036 3285 1092 3364 ille
1114 3321 1186 3364 earn
1217 3300 1288 3363 sine
1313 3299 1396 3385 jugo

478 3404 681 3470 detestanda
704 3404 883 3481 servitutis,
906 3425 980 3468 cum
1003 3403 1113 3489 pratis,
1136 3403 1272 3488 pascuis,
1295 3401 1395 3481 silvis,

480 3507 603 3584 rivulis,
643 3508 861 3592 omnibusque
899 3507 942 3571 ad
972 3506 1064 3571 illam
1096 3505 1301 3570 utilitatibus
1330 3505 1395 3570 rite

478 3611 730 3697 pertinentibus,
752 3609 932 3674 liberaliter
954 3631 992 3674 ac
1014 3608 1216 3674 aeternaliter
1238 3609 1396 3693 quamdiu

473 3713 572 3797 juvat
594 3713 722 3777 habeat.
777 3712 823 3777 Et
845 3718 921 3798 post
952 3712 1137 3798 generalem
1165 3711 1221 3797 qui
1244 3711 1396 3776 omnibus

479 3821 586 3879 certus
608 3815 816 3900 incertusque
839 3821 970 3880 constat
1000 3814 1180 3879 transitum
1204 3815 1394 3898 cuneumque

479 3918 689 3982 successionis
711 3917 835 3983 haeredi
858 3917 1003 3982 voluerit
1025 3916 1062 3980 in
1085 3921 1279 4002 perpetuum
1303 3915 1394 3980 dere-

480 4019 617 4105 linquat.
1164 4079 1175 4100 ‚

525 4122 687 4186 Praedicta
710 4121 871 4206 siquidem
895 4120 994 4186 tellus
1016 4120 1068 4186 his
1084 4119 1235 4185 terminis
1258 4120 1395 4185 circum·

481 4223 589 4288 cincta
610 4224 771 4288 clarescit:

526 4337 575 4403 Ira
598 4337 722 4423 linqua
743 4337 916 4404 Saaoaicc
930 4363 985 4403 :-

525 4437 671 4505 ⁴Aerest
695 4440 733 4505 os
755 4439 1029 4526 Spaeoelingforaa
1051 4443 1121 4523 pest
1143 4444 1179 4503 to
1202 4437 1564 4523 walramo-Bonnense.

479 4542 632 4621 cessorda,
656 4545 718 4606 anb
741 4549 848 4632 panon
871 4544 1036 4629 pestpearb
1058 4541 1201 4627 anblang
1222 4520 1556 4626 herepates⁰ffi⁰¹¹¹¹d

384 4804 474 4855 ¹Lulre
486 4805 570 4855 vias.
605 4804 669 4854 This
680 4820 766 4868 proem
784 4804 813 4865 is,
831 4805 851 4855 it
928 4803 988 4853 ‘Aa
1008 4803 1035 4851 in
1057 4803 1151 4853 former
1171 4803 1306 4862 metanoea,
1327 4802 1397 4855 these

349 4885 400 4933 vill
411 4886 441 4934 be
453 4900 519 4940 seen,
527 4885 624 4948 copied,
633 4886 723 4934 almost
734 4885 850 4949 literally‚
894 4883 1052 4934 Boundaries
1070 4899 1112 4933 are
1130 4883 1206 4946 given
1219 4882 1245 4930 in
1256 4881 1298 4930 the
1310 4882 1398 4933 mixed

348 4963 413 5012 from
425 4963 587 5014 Edwardthe
601 4965 700 5014 Elder’s
716 4961 855 5014 charterof
894 4965 1034 5014 characters
1054 4963 1104 5011 aad
1121 4967 1223 5023 corrupt
1240 4960 1335 5010 diction
1346 4976 1398 5011 enr-

348 5047 405 5097 921.
417 5042 559 5106 previously
570 5043 653 5109 given.
894 5044 987 5107 ployed
998 5043 1024 5090 in
1037 5042 1080 5090 the
1095 5040 1159 5100 Ms„
1170 5041 1216 5089 but
1232 5039 1275 5089 the
1296 5043 1397 5092 severed

382 5120 445 5169 'Sic
456 5122 482 5170 in
496 5122 553 5172 MS.
654 5180 657 5184 4
896 5122 977 5171 worda
988 5134 1031 5171 are
1042 5118 1137 5170 united.

382 5202 392 5229 ¹
404 5198 488 5267 ullius]
506 5201 572 5263 MS„
583 5199 655 5253 alnis.
