3817 6450
736 1183 922 1233 aerumma
1290 1170 1356 1234 299

306 1373 418 1437 cinxit.
467 1371 624 1435 Videntos
641 1373 744 1456 igitur
767 1374 824 1456 qui
850 1373 885 1436 in
917 1372 1077 1458 priesidiis
1104 1371 1221 1436 inclusi
1249 1392 1359 1436 mane-

307 1477 388 1540 bant
427 1475 537 1539 deesse
575 1474 637 1538 sibi
689 1475 850 1539 virtutem
888 1475 1106 1561 repugnandi,
1158 1497 1217 1539 nec
1253 1475 1358 1539 ullum

308 1587 419 1644 tutum
458 1577 607 1663 fugiendi
646 1577 762 1658 locum,
787 1578 843 1641 sed
876 1599 936 1642 nec
974 1601 995 1641 a
1032 1578 1241 1642 Normannia
1275 1579 1360 1643 siout

308 1682 502 1769 promiserat
527 1681 692 1743 Robertus
715 1681 848 1765 aliquod
864 1681 928 1744 sibi
945 1681 1129 1745 subsidium
1145 1683 1267 1759 venire,
1282 1682 1362 1746 dex·

310 1792 377 1849 tras
400 1808 418 1848 a
441 1806 516 1869 rege
540 1784 708 1869 petierunt
731 1789 766 1847 ot
788 1789 992 1869 acceperunt.
1352 1777 1363 1800 ⁶

354 1888 539 1951 Willelmus
576 1893 688 1950 autem
727 1885 767 1950 de
801 1886 983 1951 Warennia
1020 1887 1108 1972 apud
1155 1886 1357 1952 obsidionem
1372 1899 1494 1979 varnos

310 1991 509 2056 Pcveneselli
533 1990 658 2074 sagitta
682 1991 716 2051 in
739 2011 831 2054 crure
855 1989 952 2054 valde
979 1990 1183 2068 vulneratus,
1207 1967 1526 2091 Lauriotim&

310 2117 382 2158 curn
418 2093 564 2157 omnium
597 2114 736 2156 ruoerore
772 2094 964 2176 deportatus
996 2097 1054 2158 est.
1113 2091 1262 2177 Cumque
1297 2093 1360 2157 sibi
1373 2102 1431 2183 13111
1444 2100 1472 2149 of

310 2201 450 2260 mortem
474 2196 647 2258 imminere
670 2195 809 2272 rideret,
839 2194 921 2258 duos
951 2195 1036 2259 filios
1060 2216 1134 2259 suos
1153 2195 1253 2280 juxta
1274 2171 1474 2281 regissuney.

310 2300 475 2362 decretura
499 2296 645 2360 liar-edes
669 2297 755 2375 fecit,
780 2296 984 2361 Willelmum
1007 2297 1160 2361 videlieet
1183 2299 1218 2361 in
1240 2297 1362 2383 Anglia

310 2408 344 2465 et
368 2400 585 2485 Reginaldum
608 2400 644 2463 in
668 2398 832 2476 Flandria,
857 2398 962 2464 etsie
987 2399 1023 2463 in
1055 2421 1133 2486 paee
1163 2401 1291 2484 quievit
1326 2400 1361 2464 in

315 2505 460 2582 Domino,
490 2504 582 2586 cujus
617 2525 734 2588 corpus
766 2525 787 2565 a
809 2503 907 2567 beato
929 2509 1025 2588 patro
1049 2504 1201 2568 Lanzone
1224 2509 1258 2568 et
1291 2509 1363 2569 tota

309 2606 559 2692 congregatione
583 2605 698 2669 Sancti
723 2605 890 2670 Pancratii
918 2605 1031 2670 debito
1064 2606 1186 2670 honore
1220 2611 1270 2671 est
1292 2628 1360 2670 sus-

310 2717 448 2795 ceptum,
482 2714 516 2773 et
549 2710 637 2772 iufra
668 2708 811 2772 ciaustra
844 2708 1034 2773 monasterii
1060 2709 1163 2794 juxta
1191 2709 1360 2796 conjugem

310 2820 386 2877 ante
409 2833 512 2875 annos
535 2811 724 2875 defunctam
746 2811 957 2875 tumulatum.

357 2915 538 2979 Willelmus
561 2914 674 2999 itaque
697 2936 756 2978 rex
779 2913 890 2977 animo
906 2913 1003 2988 ferus,
1036 2936 1169 3000 corpore
1202 2920 1509 2992 strenuuscpamaf

311 3023 459 3086 defensor
481 3020 614 3105 quidem
638 3022 756 3106 patriae
780 3021 866 3107 cepit
889 3043 967 3097 esse,
989 3021 1046 3085 sed
1077 3043 1146 3086 non
1179 3021 1259 3086 satis
1293 3007 1528 3124 ido-{erffiig'am

312 3148 392 3189 neus
408 3130 596 3211 procreator·
611 3124 761 3187 ccclesiae.
820 3124 855 3187 Si
880 3124 969 3187 enim
986 3124 1033 3188 ita
1047 3124 1198 3189 studeret
1211 3123 1361 3209 religiom

312 3251 408 3314 quam
446 3250 542 3291 vanae
587 3227 779 3301 curiositati,
818 3224 929 3290 nullus
967 3228 997 3291 ei
1035 3225 1181 3312 profecto
1230 3228 1362 3291 deberet

313 3332 460 3417 princeps
492 3331 681 3414 comparari
737 3328 819 3392 Erat
853 3328 987 3413 quidem
1010 3329 1162 3415 operibus
1183 3329 1274 3406 levis,
1305 3328 1362 3392 sed

313 3435 428 3510 verbis,
453 3440 491 3497 ut
513 3432 617 3501 aiunt.
641 3433 676 3495 in
701 3436 833 3497 tantum
856 3432 1056 3508 stabiliant
1092 3432 1120 3495 si
1152 3433 1204 3498 oui
1238 3432 1362 3497 bonum

314 3539 365 3601 vel
389 3537 510 3600 malum
534 3535 744 3621 promisisset,
768 3541 875 3598 certus
898 3534 975 3598 inde
998 3535 1077 3598 satis
1092 3535 1232 3600 existere
1247 3540 1362 3620 posset

316 3642 397 3705 Cum
435 3643 545 3702 autem
585 3637 684 3701 nimis
722 3643 850 3701 amator
888 3643 973 3701 esset
1011 3639 1168 3722 pecuniae,
1206 3637 1360 3723 quiddam

315 3749 423 3806 tamen
446 3742 547 3828 gessit
569 3741 668 3804 semel
692 3740 830 3826 dignum
854 3739 1019 3803 memoria

360 3847 466 3930 Igitur
497 3844 651 3907 defuncto
684 3842 825 3927 quodam
849 3842 968 3906 abbate
991 3843 1027 3906 in
1049 3842 1179 3928 Angba,
1202 3843 1268 3907 duo
1296 3865 1364 3908 mo

316 3949 409 4012 naclri
458 3947 603 4030 ejusdem
639 3945 782 4009 eoelesire
828 3950 1025 4031 congregata
1071 3945 1176 4010 multa
1220 3947 1293 4009 auri
1331 3953 1365 4011 et

317 4051 440 4137 argenti
465 4049 558 4134 copia
580 4070 689 4133 regern
713 4048 876 4126 adierunt,
894 4053 932 4110 ut
955 4047 1088 4111 abbatis
1113 4048 1199 4113 alter
1222 4048 1363 4113 alterum

315 4151 556 4238 supplantando
572 4156 701 4214 teneret
717 4148 867 4213 officium.
908 4149 995 4213 Cum
1012 4150 1133 4234 quibus
1148 4151 1283 4235 quidam
1298 4157 1363 4216 ter·

318 4260 381 4323 tius
403 4257 581 4322 monachus
604 4278 642 4318 ea
664 4255 733 4319 sola
755 4256 939 4319 intentione
962 4258 1117 4341 perrexit,
1139 4263 1179 4322 ut
1205 4261 1364 4323 constitu·

317 4374 387 4430 tum
422 4364 576 4428 abbatem
613 4362 726 4425 debita
749 4362 940 4425 humilitate
963 4367 997 4425 et
1022 4363 1208 4428 reverentia
1230 4364 1363 4430 domurn

318 4468 499 4531 deduceret.
546 4463 695 4548 Cumque
712 4486 819 4527 coram
836 4485 912 4549 rege
928 4469 1077 4529 astarent
1091 4467 1225 4551 pariter,
1242 4474 1277 4531 et
1299 4490 1364 4532 uno

317 4572 410 4656 plura
433 4568 657 4653 promittente,
683 4567 765 4629 alius
789 4566 933 4652 pluriora
958 4567 1176 4652 promitteret,
1198 4591 1257 4633 rex
1272 4592 1365 4656 saga·

319 4674 399 4736 citer
437 4676 556 4734 cuncta
578 4675 795 4755 perscrutans,
819 4675 984 4733 tacentem
1008 4672 1203 4736 monachum
1227 4673 1364 4737 tertium

318 4775 396 4860 quid
420 4773 584 4858 quaesivit,
609 4772 664 4834 1110
687 4771 788 4835 senil
812 4773 946 4835 omnino
970 4774 1163 4858 promittere
1197 4781 1256 4838 aut
1287 4776 1364 4839 dare

318 4877 498 4961 respondit,
538 4875 595 4938 sed
630 4873 672 4936 ad
705 4874 765 4936 hoo
803 4879 936 4937 tantum
969 4876 1097 4940 venisse
1134 4882 1173 4941 ut
1210 4876 1364 4941 abbatem

318 5002 412 5042 suurn
451 5000 525 5041 curn
574 4978 695 5040 honore
745 4976 951 5060 suscipiendo
1001 4978 1134 5042 domum
1180 4978 1364 5045 deduceret.

321 5094 338 5116 ¹‘
362 5082 485 5145 Accede
509 5079 616 5165 ergo‚'’
641 5101 698 5141 rex
722 5079 780 5157 ait,
805 5088 822 5111 “
846 5084 880 5143 et
913 5079 1045 5143 abbatis
1069 5080 1209 5145 officium
1233 5083 1367 5170 suscipe,
1380 5093 1424 5142 sol.
1442 5099 1479 5143 10.

1367 5188 1380 5212 .
