<?xml version="1.0" encoding="UTF-8"?>
<!DOCTYPE html PUBLIC "-//W3C//DTD XHTML 1.0 Transitional//EN"
    "http://www.w3.org/TR/xhtml1/DTD/xhtml1-transitional.dtd">
<html xmlns="http://www.w3.org/1999/xhtml" xml:lang="en" lang="en">
 <head>
  <title>
</title>
<meta http-equiv="Content-Type" content="text/html;charset=utf-8" />
  <meta name='ocr-system' content='tesseract 3.04.00' />
  <meta name='ocr-capabilities' content='ocr_page ocr_carea ocr_par ocr_line ocrx_word'/>
</head>
<body>
  <div class='ocr_page' id='page_1' title='image "./libermonasterii00edwagoog_0145.png"; bbox 0 0 3817 6450; ppageno 0'>
   <div class='ocr_carea' id='block_1_1' title="bbox 702 1182 1402 1246">
    <p class='ocr_par' dir='ltr' id='par_1_1' title="bbox 702 1182 1402 1246">
     <span class='ocr_line' id='line_1_1' title="bbox 702 1182 1402 1246; baseline 0.007 -5"><span class='ocrx_word' id='word_1_1' title='bbox 702 1188 829 1241; x_wconf 70' lang='lat' dir='ltr'>‘aman</span> <span class='ocrx_word' id='word_1_2' title='bbox 849 1194 898 1242; x_wconf 82' lang='lat' dir='ltr'>nn</span> <span class='ocrx_word' id='word_1_3' title='bbox 919 1193 1029 1246; x_wconf 74' lang='lat' dir='ltr'>urna</span> <span class='ocrx_word' id='word_1_4' title='bbox 1358 1182 1402 1246; x_wconf 82' lang='lat'>25</span> 
     </span>
    </p>
   </div>
   <div class='ocr_carea' id='block_1_2' title="bbox 250 1376 1402 1870">
    <p class='ocr_par' dir='ltr' id='par_1_2' title="bbox 250 1376 1402 1870">
     <span class='ocr_line' id='line_1_2' title="bbox 250 1376 1401 1453; baseline 0.003 -20"><span class='ocrx_word' id='word_1_5' title='bbox 250 1376 308 1427; x_wconf 70' lang='lat' dir='ltr'>nea</span> <span class='ocrx_word' id='word_1_6' title='bbox 350 1381 370 1404; x_wconf 88' lang='lat'>“</span> <span class='ocrx_word' id='word_1_7' title='bbox 388 1378 634 1451; x_wconf 72' lang='lat' dir='ltr'>praetermissum,</span> <span class='ocrx_word' id='word_1_8' title='bbox 649 1378 878 1451; x_wconf 71' lang='lat' dir='ltr'>quotiescunque</span> <span class='ocrx_word' id='word_1_9' title='bbox 891 1379 929 1435; x_wconf 89' lang='lat' dir='ltr'>ad</span> <span class='ocrx_word' id='word_1_10' title='bbox 946 1380 1026 1436; x_wconf 88' lang='lat' dir='ltr'>beati</span> <span class='ocrx_word' id='word_1_11' title='bbox 1037 1379 1095 1436; x_wconf 89' lang='lat' dir='ltr'>viri</span> <span class='ocrx_word' id='word_1_12' title='bbox 1108 1380 1325 1453; x_wconf 83' lang='lat' dir='ltr'>corpusculum,</span> <span class='ocrx_word' id='word_1_13' title='bbox 1339 1381 1401 1437; x_wconf 83' lang='lat' dir='ltr'>sive</span> 
     </span>
     <span class='ocr_line' id='line_1_3' title="bbox 349 1462 1400 1536; baseline 0.001 -19"><span class='ocrx_word' id='word_1_14' title='bbox 349 1463 421 1518; x_wconf 90' lang='lat' dir='ltr'>“in</span> <span class='ocrx_word' id='word_1_15' title='bbox 446 1462 496 1517; x_wconf 86' lang='lat' dir='ltr'>die</span> <span class='ocrx_word' id='word_1_16' title='bbox 515 1480 569 1518; x_wconf 88' lang='lat' dir='ltr'>seu</span> <span class='ocrx_word' id='word_1_17' title='bbox 582 1462 616 1517; x_wconf 91' lang='lat' dir='ltr'>in</span> <span class='ocrx_word' id='word_1_18' title='bbox 630 1463 727 1518; x_wconf 90' lang='lat' dir='ltr'>media</span> <span class='ocrx_word' id='word_1_19' title='bbox 749 1469 844 1528; x_wconf 88' lang='lat' dir='ltr'>nocte,</span> <span class='ocrx_word' id='word_1_20' title='bbox 867 1470 967 1519; x_wconf 87' lang='lat' dir='ltr'>actum</span> <span class='ocrx_word' id='word_1_21' title='bbox 985 1471 1032 1520; x_wconf 86' lang='lat' dir='ltr'>est</span> <span class='ocrx_word' id='word_1_22' title='bbox 1050 1463 1196 1536; x_wconf 76' lang='lat' dir='ltr'>quoddam</span> <span class='ocrx_word' id='word_1_23' title='bbox 1214 1463 1400 1530; x_wconf 73' lang='lat' dir='ltr'>miraculum,</span> 
     </span>
     <span class='ocr_line' id='line_1_4' title="bbox 349 1545 1402 1620; baseline 0.005 -20"><span class='ocrx_word' id='word_1_24' title='bbox 349 1551 368 1574; x_wconf 81' lang='lat'>‘⁶</span> <span class='ocrx_word' id='word_1_25' title='bbox 388 1546 470 1601; x_wconf 81' lang='lat' dir='ltr'>mdili</span> <span class='ocrx_word' id='word_1_26' title='bbox 491 1545 646 1618; x_wconf 88' lang='lat' dir='ltr'>paululum</span> <span class='ocrx_word' id='word_1_27' title='bbox 662 1547 797 1619; x_wconf 84' lang='lat' dir='ltr'>pulsante</span> <span class='ocrx_word' id='word_1_28' title='bbox 808 1548 1049 1613; x_wconf 73' lang='lat' dir='ltr'>tintinnabulum,</span> <span class='ocrx_word' id='word_1_29' title='bbox 1064 1554 1207 1620; x_wconf 87' lang='lat' dir='ltr'>quatenus</span> <span class='ocrx_word' id='word_1_30' title='bbox 1225 1549 1331 1605; x_wconf 86' lang='lat' dir='ltr'>fratres</span> <span class='ocrx_word' id='word_1_31' title='bbox 1343 1567 1402 1605; x_wconf 92' lang='lat' dir='ltr'>non</span> 
     </span>
     <span class='ocr_line' id='line_1_5' title="bbox 349 1629 1399 1705; baseline 0.004 -21"><span class='ocrx_word' id='word_1_32' title='bbox 349 1634 368 1657; x_wconf 79' lang='lat'>‘⁴</span> <span class='ocrx_word' id='word_1_33' title='bbox 387 1629 504 1685; x_wconf 89' lang='lat' dir='ltr'>adirent</span> <span class='ocrx_word' id='word_1_34' title='bbox 515 1630 688 1696; x_wconf 86' lang='lat' dir='ltr'>coenobium,</span> <span class='ocrx_word' id='word_1_35' title='bbox 702 1630 740 1686; x_wconf 89' lang='lat' dir='ltr'>ad</span> <span class='ocrx_word' id='word_1_36' title='bbox 751 1631 975 1702; x_wconf 82' lang='lat' dir='ltr'>glorificaudum</span> <span class='ocrx_word' id='word_1_37' title='bbox 984 1632 1219 1705; x_wconf 90' lang='lat' dir='ltr'>Omnipotentem</span> <span class='ocrx_word' id='word_1_38' title='bbox 1230 1632 1399 1699; x_wconf 91' lang='lat' dir='ltr'>Dominum,</span> 
     </span>
     <span class='ocr_line' id='line_1_6' title="bbox 349 1713 1399 1789; baseline 0.007 -22"><span class='ocrx_word' id='word_1_39' title='bbox 349 1717 367 1741; x_wconf 91' lang='lat'>“</span> <span class='ocrx_word' id='word_1_40' title='bbox 385 1713 434 1768; x_wconf 90' lang='lat' dir='ltr'>cui</span> <span class='ocrx_word' id='word_1_41' title='bbox 453 1713 554 1779; x_wconf 90' lang='lat' dir='ltr'>honor,</span> <span class='ocrx_word' id='word_1_42' title='bbox 573 1714 679 1779; x_wconf 85' lang='lat' dir='ltr'>virtus,</span> <span class='ocrx_word' id='word_1_43' title='bbox 699 1720 787 1787; x_wconf 82' lang='lat' dir='ltr'>atque</span> <span class='ocrx_word' id='word_1_44' title='bbox 805 1715 972 1787; x_wconf 86' lang='lat' dir='ltr'>imperium,</span> <span class='ocrx_word' id='word_1_45' title='bbox 992 1716 1075 1782; x_wconf 89' lang='lat' dir='ltr'>doxa,</span> <span class='ocrx_word' id='word_1_46' title='bbox 1100 1716 1250 1787; x_wconf 84' lang='lat' dir='ltr'>majestas,</span> <span class='ocrx_word' id='word_1_47' title='bbox 1275 1735 1399 1789; x_wconf 79' lang='lat' dir='ltr'>paxque,</span> 
     </span>
     <span class='ocr_line' id='line_1_7' title="bbox 350 1798 1168 1870; baseline 0 -16"><span class='ocrx_word' id='word_1_48' title='bbox 350 1801 368 1824; x_wconf 79' lang='lat'>⁸⁸</span> <span class='ocrx_word' id='word_1_49' title='bbox 388 1798 552 1870; x_wconf 82' lang='lat' dir='ltr'>tripudium</span> <span class='ocrx_word' id='word_1_50' title='bbox 570 1816 624 1869; x_wconf 88' lang='lat' dir='ltr'>per</span> <span class='ocrx_word' id='word_1_51' title='bbox 641 1799 820 1855; x_wconf 86' lang='lat' dir='ltr'>immortalia</span> <span class='ocrx_word' id='word_1_52' title='bbox 837 1800 945 1856; x_wconf 82' lang='lat' dir='ltr'>saecula</span> <span class='ocrx_word' id='word_1_53' title='bbox 963 1800 1168 1856; x_wconf 86' lang='lat' dir='ltr'>saeoulorum.”</span> 
     </span>
    </p>
   </div>
   <div class='ocr_carea' id='block_1_3' title="bbox 395 2007 1557 2095">
    <p class='ocr_par' dir='ltr' id='par_1_3' title="bbox 395 2007 1557 2095">
     <span class='ocr_line' id='line_1_8' title="bbox 395 2007 1557 2095; baseline 0.001 -23"><span class='ocrx_word' id='word_1_54' title='bbox 395 2007 466 2073; x_wconf 89' lang='lat' dir='ltr'>Iste</span> <span class='ocrx_word' id='word_1_55' title='bbox 488 2029 548 2073; x_wconf 84' lang='lat' dir='ltr'>rex</span> <span class='ocrx_word' id='word_1_56' title='bbox 571 2007 772 2095; x_wconf 87' lang='lat' dir='ltr'>Atbulphus,</span> <span class='ocrx_word' id='word_1_57' title='bbox 800 2008 893 2095; x_wconf 87' lang='lat' dir='ltr'>cujus</span> <span class='ocrx_word' id='word_1_58' title='bbox 916 2009 1073 2075; x_wconf 89' lang='lat' dir='ltr'>memoria</span> <span class='ocrx_word' id='word_1_59' title='bbox 1104 2010 1140 2075; x_wconf 89' lang='lat' dir='ltr'>in</span> <span class='ocrx_word' id='word_1_60' title='bbox 1171 2009 1478 2076; x_wconf 68' lang='lat' dir='ltr'>benedictionem).</span> <span class='ocrx_word' id='word_1_61' title='bbox 1491 2026 1557 2073; x_wconf 81' lang='lat'><strong>8³7-</strong></span> 
     </span>
    </p>
   </div>
   <div class='ocr_carea' id='block_1_4' title="bbox 250 2082 1550 2213">
    <p class='ocr_par' dir='ltr' id='par_1_4' title="bbox 250 2082 1550 2213">
     <span class='ocr_line' id='line_1_9' title="bbox 250 2082 1550 2213; baseline 0.045 -66"><span class='ocrx_word' id='word_1_62' title='bbox 250 2082 335 2149; x_wconf 66' lang='lat' dir='ltr'>fissdffl·</span> <span class='ocrx_word' id='word_1_63' title='bbox 348 2103 406 2176; x_wconf 80' lang='lat' dir='ltr'>est,</span> <span class='ocrx_word' id='word_1_64' title='bbox 422 2124 457 2163; x_wconf 86' lang='lat' dir='ltr'>cx</span> <span class='ocrx_word' id='word_1_65' title='bbox 476 2107 614 2179; x_wconf 82' lang='lat' dir='ltr'>Osburga</span> <span class='ocrx_word' id='word_1_66' title='bbox 631 2124 720 2162; x_wconf 86' lang='lat' dir='ltr'>uxore</span> <span class='ocrx_word' id='word_1_67' title='bbox 739 2124 801 2173; x_wconf 91' lang='lat' dir='ltr'>sua,</span> <span class='ocrx_word' id='word_1_68' title='bbox 816 2107 878 2163; x_wconf 77' lang='lat' dir='ltr'>filia</span> <span class='ocrx_word' id='word_1_69' title='bbox 890 2102 1042 2186; x_wconf 65' lang='lat' dir='ltr'>&#39;pinpemae</span> <span class='ocrx_word' id='word_1_70' title='bbox 1060 2107 1117 2174; x_wconf 66' lang='lat' dir='ltr'>‘mi’</span> <span class='ocrx_word' id='word_1_71' title='bbox 1137 2114 1263 2180; x_wconf 55' lang='lat' dir='ltr'>quatum</span> <span class='ocrx_word' id='word_1_72' title='bbox 1280 2108 1396 2165; x_wconf 56' lang='lat' dir='ltr'>imum</span> <span class='ocrx_word' id='word_1_73' title='bbox 1410 2090 1550 2213; x_wconf 53' lang='lat' dir='ltr'>{hilmera-</span> 
     </span>
    </p>
   </div>
   <div class='ocr_carea' id='block_1_5' title="bbox 348 2195 1555 2274">
    <p class='ocr_par' dir='ltr' id='par_1_5' title="bbox 348 2195 1555 2274">
     <span class='ocr_line' id='line_1_10' title="bbox 348 2195 1555 2274; baseline 0.003 -24"><span class='ocrx_word' id='word_1_74' title='bbox 348 2197 433 2260; x_wconf 85' lang='lat' dir='ltr'>filics,</span> <span class='ocrx_word' id='word_1_75' title='bbox 454 2203 522 2267; x_wconf 87' lang='lat' dir='ltr'>post</span> <span class='ocrx_word' id='word_1_76' title='bbox 545 2202 658 2269; x_wconf 87' lang='lat' dir='ltr'>patrem</span> <span class='ocrx_word' id='word_1_77' title='bbox 682 2195 849 2251; x_wconf 86' lang='lat' dir='ltr'>successive</span> <span class='ocrx_word' id='word_1_78' title='bbox 867 2202 1051 2266; x_wconf 80' lang='lat' dir='ltr'>regnaturos,</span> <span class='ocrx_word' id='word_1_79' title='bbox 1072 2198 1234 2267; x_wconf 79' lang='lat' dir='ltr'>genuerat,¹</span> <span class='ocrx_word' id='word_1_80' title='bbox 1257 2210 1396 2274; x_wconf 85' lang='lat' dir='ltr'>quorum</span> <span class='ocrx_word' id='word_1_81' title='bbox 1410 2219 1463 2268; x_wconf 81' lang='lat' dir='ltr'>tion</span> <span class='ocrx_word' id='word_1_82' title='bbox 1474 2222 1555 2271; x_wconf 54' lang='lat' dir='ltr'>osu„</span> 
     </span>
    </p>
   </div>
   <div class='ocr_carea' id='block_1_6' title="bbox 348 2282 1529 2365">
    <p class='ocr_par' dir='ltr' id='par_1_6' title="bbox 348 2282 1529 2365">
     <span class='ocr_line' id='line_1_11' title="bbox 348 2282 1529 2365; baseline 0.003 -18"><span class='ocrx_word' id='word_1_83' title='bbox 348 2285 413 2349; x_wconf 87' lang='lat' dir='ltr'>ista</span> <span class='ocrx_word' id='word_1_84' title='bbox 442 2288 529 2348; x_wconf 84' lang='lat' dir='ltr'>sunt</span> <span class='ocrx_word' id='word_1_85' title='bbox 566 2282 722 2349; x_wconf 84' lang='lat' dir='ltr'>nomina:</span> <span class='ocrx_word' id='word_1_86' title='bbox 763 2282 991 2359; x_wconf 89' lang='lat' dir='ltr'>Ethelbaldus,</span> <span class='ocrx_word' id='word_1_87' title='bbox 1027 2283 1245 2365; x_wconf 85' lang='lat' dir='ltr'>Ethelbirtus,</span> <span class='ocrx_word' id='word_1_88' title='bbox 1283 2287 1529 2354; x_wconf 75' lang='lat' dir='ltr'>Ethel-⁵⁰¹¹⁸⁸¹ld</span> 
     </span>
    </p>
   </div>
   <div class='ocr_carea' id='block_1_7' title="bbox 1343 2368 1548 2405">
    <p class='ocr_par' dir='ltr' id='par_1_7' title="bbox 1343 2368 1548 2405">
     <span class='ocr_line' id='line_1_12' title="bbox 1343 2368 1548 2405; baseline 0.024 -5"><span class='ocrx_word' id='word_1_89' title='bbox 1343 2393 1346 2400; x_wconf 56' lang='lat'>,</span> <span class='ocrx_word' id='word_1_90' title='bbox 1409 2368 1548 2405; x_wconf 67' lang='lat' dir='ltr'>Sllcoeswl&#39;s</span> 
     </span>
    </p>
   </div>
   <div class='ocr_carea' id='block_1_8' title="bbox 347 2381 1533 2577">
    <p class='ocr_par' dir='ltr' id='par_1_8' title="bbox 347 2381 1533 2577">
     <span class='ocr_line' id='line_1_13' title="bbox 347 2381 1533 2478; baseline 0.001 -26"><span class='ocrx_word' id='word_1_91' title='bbox 347 2385 475 2463; x_wconf 87' lang='lat' dir='ltr'>dredus,</span> <span class='ocrx_word' id='word_1_92' title='bbox 499 2390 534 2451; x_wconf 88' lang='lat' dir='ltr'>et</span> <span class='ocrx_word' id='word_1_93' title='bbox 558 2385 723 2463; x_wconf 70' lang='lat' dir='ltr'>Alfredus</span> <span class='ocrx_word' id='word_1_94' title='bbox 747 2407 846 2472; x_wconf 91' lang='lat' dir='ltr'>quem</span> <span class='ocrx_word' id='word_1_95' title='bbox 869 2385 1070 2473; x_wconf 88' lang='lat' dir='ltr'>Athulphus‚</span> <span class='ocrx_word' id='word_1_96' title='bbox 1092 2409 1131 2453; x_wconf 89' lang='lat' dir='ltr'>eo</span> <span class='ocrx_word' id='word_1_97' title='bbox 1151 2389 1239 2475; x_wconf 94' lang='lat' dir='ltr'>quod</span> <span class='ocrx_word' id='word_1_98' title='bbox 1261 2413 1282 2455; x_wconf 92' lang='lat' dir='ltr'>a</span> <span class='ocrx_word' id='word_1_99' title='bbox 1303 2381 1533 2478; x_wconf 59' lang='lat' dir='ltr'>patreofffiel,</span> 
     </span>
     <span class='ocr_line' id='line_1_14' title="bbox 347 2486 1478 2577; baseline 0.004 -24"><span class='ocrx_word' id='word_1_100' title='bbox 347 2489 475 2554; x_wconf 65' lang='lat' dir='ltr'>cundia</span> <span class='ocrx_word' id='word_1_101' title='bbox 494 2488 655 2555; x_wconf 82' lang='lat' dir='ltr'>fratribus</span> <span class='ocrx_word' id='word_1_102' title='bbox 669 2488 743 2575; x_wconf 91' lang='lat' dir='ltr'>plus</span> <span class='ocrx_word' id='word_1_103' title='bbox 757 2493 933 2568; x_wconf 86' lang='lat' dir='ltr'>amaretur,</span> <span class='ocrx_word' id='word_1_104' title='bbox 949 2488 1041 2554; x_wconf 82' lang='lat' dir='ltr'>misit</span> <span class='ocrx_word' id='word_1_105' title='bbox 1056 2489 1100 2554; x_wconf 91' lang='lat' dir='ltr'>ad</span> <span class='ocrx_word' id='word_1_106' title='bbox 1113 2512 1232 2577; x_wconf 90' lang='lat' dir='ltr'>papam</span> <span class='ocrx_word' id='word_1_107' title='bbox 1253 2491 1396 2558; x_wconf 88' lang='lat' dir='ltr'>Leonem</span> <span class='ocrx_word' id='word_1_108' title='bbox 1409 2486 1478 2538; x_wconf 56' lang='grc' dir='ltr'>ΝΠ·</span> 
     </span>
    </p>
   </div>
   <div class='ocr_carea' id='block_1_9' title="bbox 348 2589 1567 2678">
    <p class='ocr_par' dir='ltr' id='par_1_9' title="bbox 348 2589 1567 2678">
     <span class='ocr_line' id='line_1_15' title="bbox 348 2589 1567 2678; baseline 0.002 -23"><span class='ocrx_word' id='word_1_109' title='bbox 348 2589 528 2678; x_wconf 69' lang='lat' dir='ltr'>quintum.¹</span> <span class='ocrx_word' id='word_1_110' title='bbox 583 2592 688 2671; x_wconf 80' lang='lat' dir='ltr'>Quem</span> <span class='ocrx_word' id='word_1_111' title='bbox 709 2612 802 2677; x_wconf 85' lang='lat' dir='ltr'>papa,</span> <span class='ocrx_word' id='word_1_112' title='bbox 829 2591 933 2677; x_wconf 88' lang='lat' dir='ltr'>patris</span> <span class='ocrx_word' id='word_1_113' title='bbox 965 2596 1085 2678; x_wconf 85' lang='lat' dir='ltr'>rogatu</span> <span class='ocrx_word' id='word_1_114' title='bbox 1118 2591 1295 2660; x_wconf 91' lang='lat' dir='ltr'>honorifice</span> <span class='ocrx_word' id='word_1_115' title='bbox 1326 2617 1397 2660; x_wconf 88' lang='lat' dir='ltr'>sus·</span> <span class='ocrx_word' id='word_1_116' title='bbox 1410 2604 1567 2658; x_wconf 66' lang='lat' dir='ltr'>airadum</span> 
     </span>
    </p>
   </div>
   <div class='ocr_carea' id='block_1_10' title="bbox 349 2671 1567 2792">
    <p class='ocr_par' dir='ltr' id='par_1_10' title="bbox 349 2671 1567 2792">
     <span class='ocr_line' id='line_1_16' title="bbox 349 2671 1567 2792; baseline 0.002 -34"><span class='ocrx_word' id='word_1_117' title='bbox 349 2698 482 2779; x_wconf 86' lang='lat' dir='ltr'>ceptum</span> <span class='ocrx_word' id='word_1_118' title='bbox 520 2693 557 2757; x_wconf 91' lang='lat' dir='ltr'>in</span> <span class='ocrx_word' id='word_1_119' title='bbox 589 2714 700 2780; x_wconf 85' lang='lat' dir='ltr'>regem</span> <span class='ocrx_word' id='word_1_120' title='bbox 738 2697 882 2758; x_wconf 85' lang='lat' dir='ltr'>unxerat</span> <span class='ocrx_word' id='word_1_121' title='bbox 913 2694 1109 2780; x_wconf 87' lang='lat' dir='ltr'>Auglorum.</span> <span class='ocrx_word' id='word_1_122' title='bbox 1165 2693 1231 2775; x_wconf 85' lang='lat' dir='ltr'>Qui</span> <span class='ocrx_word' id='word_1_123' title='bbox 1262 2671 1567 2792; x_wconf 53' lang='lat' dir='ltr'>qnidemtiffiidh</span> 
     </span>
    </p>
   </div>
   <div class='ocr_carea' id='block_1_11' title="bbox 349 2794 1548 3193">
    <p class='ocr_par' dir='ltr' id='par_1_11' title="bbox 349 2794 1548 3089">
     <span class='ocr_line' id='line_1_17' title="bbox 349 2794 1500 2884; baseline 0.008 -24"><span class='ocrx_word' id='word_1_124' title='bbox 349 2795 610 2882; x_wconf 86' lang='lat' dir='ltr'>rehgiosissimus</span> <span class='ocrx_word' id='word_1_125' title='bbox 628 2817 689 2861; x_wconf 84' lang='lat' dir='ltr'>rex</span> <span class='ocrx_word' id='word_1_126' title='bbox 703 2794 896 2881; x_wconf 83' lang='lat' dir='ltr'>Athulphus</span> <span class='ocrx_word' id='word_1_127' title='bbox 917 2816 985 2860; x_wconf 93' lang='lat' dir='ltr'>non</span> <span class='ocrx_word' id='word_1_128' title='bbox 1007 2796 1114 2861; x_wconf 87' lang='lat' dir='ltr'>multo</span> <span class='ocrx_word' id='word_1_129' title='bbox 1136 2802 1291 2884; x_wconf 87' lang='lat' dir='ltr'>tempore,</span> <span class='ocrx_word' id='word_1_130' title='bbox 1306 2798 1398 2865; x_wconf 85' lang='lat' dir='ltr'>vide·</span> <span class='ocrx_word' id='word_1_131' title='bbox 1409 2805 1444 2869; x_wconf 77' lang='lat' dir='ltr'>ny</span> <span class='ocrx_word' id='word_1_132' title='bbox 1457 2806 1500 2857; x_wconf 79' lang='lat' dir='ltr'>the</span> 
     </span>
     <span class='ocr_line' id='line_1_18' title="bbox 350 2887 1548 2994; baseline 0.005 -32"><span class='ocrx_word' id='word_1_133' title='bbox 350 2898 433 2975; x_wconf 90' lang='lat' dir='ltr'>licet,</span> <span class='ocrx_word' id='word_1_134' title='bbox 463 2919 550 2963; x_wconf 89' lang='lat' dir='ltr'>auno</span> <span class='ocrx_word' id='word_1_135' title='bbox 582 2903 757 2985; x_wconf 82' lang='lat' dir='ltr'>postquam</span> <span class='ocrx_word' id='word_1_136' title='bbox 791 2897 926 2964; x_wconf 86' lang='lat' dir='ltr'>iuchtus</span> <span class='ocrx_word' id='word_1_137' title='bbox 957 2899 1046 2963; x_wconf 87' lang='lat' dir='ltr'>filius</span> <span class='ocrx_word' id='word_1_138' title='bbox 1071 2921 1150 2965; x_wconf 91' lang='lat' dir='ltr'>suus</span> <span class='ocrx_word' id='word_1_139' title='bbox 1177 2901 1332 2967; x_wconf 84' lang='lat' dir='ltr'>Alfredus</span> <span class='ocrx_word' id='word_1_140' title='bbox 1356 2887 1548 2994; x_wconf 59' lang='lat' dir='ltr'>deffim</span> 
     </span>
     <span class='ocr_line' id='line_1_19' title="bbox 352 3000 1398 3089; baseline 0.005 -23"><span class='ocrx_word' id='word_1_141' title='bbox 352 3000 456 3066; x_wconf 86' lang='lat' dir='ltr'>Roma</span> <span class='ocrx_word' id='word_1_142' title='bbox 492 3000 528 3065; x_wconf 93' lang='lat' dir='ltr'>in</span> <span class='ocrx_word' id='word_1_143' title='bbox 561 3000 718 3087; x_wconf 83' lang='lat' dir='ltr'>Angliam</span> <span class='ocrx_word' id='word_1_144' title='bbox 751 3000 903 3078; x_wconf 80' lang='lat' dir='ltr'>redierat,</span> <span class='ocrx_word' id='word_1_145' title='bbox 938 3002 1047 3067; x_wconf 92' lang='lat' dir='ltr'>denuo</span> <span class='ocrx_word' id='word_1_146' title='bbox 1078 3003 1221 3089; x_wconf 82' lang='lat' dir='ltr'>regalem</span> <span class='ocrx_word' id='word_1_147' title='bbox 1252 3004 1398 3071; x_wconf 90' lang='lat' dir='ltr'>indolem</span> 
     </span>
    </p>

    <p class='ocr_par' dir='ltr' id='par_1_12' title="bbox 349 3102 1398 3193">
     <span class='ocr_line' id='line_1_20' title="bbox 349 3102 1398 3193; baseline 0.005 -26"><span class='ocrx_word' id='word_1_148' title='bbox 349 3104 422 3190; x_wconf 92' lang='lat' dir='ltr'>plus</span> <span class='ocrx_word' id='word_1_149' title='bbox 455 3102 583 3168; x_wconf 80' lang='lat' dir='ltr'>caeteris</span> <span class='ocrx_word' id='word_1_150' title='bbox 614 3102 771 3169; x_wconf 88' lang='lat' dir='ltr'>dilectam</span> <span class='ocrx_word' id='word_1_151' title='bbox 793 3124 903 3168; x_wconf 90' lang='lat' dir='ltr'>secum</span> <span class='ocrx_word' id='word_1_152' title='bbox 934 3103 1073 3168; x_wconf 88' lang='lat' dir='ltr'>Romam</span> <span class='ocrx_word' id='word_1_153' title='bbox 1102 3103 1246 3182; x_wconf 79' lang='lat' dir='ltr'>reduxit,</span> <span class='ocrx_word' id='word_1_154' title='bbox 1287 3106 1398 3193; x_wconf 90' lang='lat' dir='ltr'>ibique</span> 
     </span>
    </p>
   </div>
   <div class='ocr_carea' id='block_1_12' title="bbox 349 3203 1399 3391">
    <p class='ocr_par' dir='ltr' id='par_1_13' title="bbox 349 3203 1399 3391">
     <span class='ocr_line' id='line_1_21' title="bbox 349 3203 1399 3293; baseline 0.003 -24"><span class='ocrx_word' id='word_1_155' title='bbox 349 3227 435 3271; x_wconf 90' lang='lat' dir='ltr'>anno</span> <span class='ocrx_word' id='word_1_156' title='bbox 472 3205 604 3293; x_wconf 82' lang='lat' dir='ltr'>integro</span> <span class='ocrx_word' id='word_1_157' title='bbox 647 3205 745 3271; x_wconf 87' lang='lat' dir='ltr'>ambo</span> <span class='ocrx_word' id='word_1_158' title='bbox 782 3209 863 3271; x_wconf 90' lang='lat' dir='ltr'>sunt</span> <span class='ocrx_word' id='word_1_159' title='bbox 902 3203 1072 3271; x_wconf 86' lang='lat' dir='ltr'>demorati.</span> <span class='ocrx_word' id='word_1_160' title='bbox 1132 3214 1192 3270; x_wconf 85' lang='lat' dir='ltr'>Ubi</span> <span class='ocrx_word' id='word_1_161' title='bbox 1221 3206 1309 3273; x_wconf 92' lang='lat' dir='ltr'>idem</span> <span class='ocrx_word' id='word_1_162' title='bbox 1338 3230 1399 3273; x_wconf 90' lang='lat' dir='ltr'>rex</span> 
     </span>
     <span class='ocr_line' id='line_1_22' title="bbox 350 3301 1398 3391; baseline 0.003 -23"><span class='ocrx_word' id='word_1_163' title='bbox 350 3303 539 3391; x_wconf 76' lang='lat' dir='ltr'>lithulphus</span> <span class='ocrx_word' id='word_1_164' title='bbox 570 3312 699 3368; x_wconf 85' lang='lat' dir='ltr'>scholam</span> <span class='ocrx_word' id='word_1_165' title='bbox 725 3312 882 3377; x_wconf 80' lang='lat' dir='ltr'>Saxonum,</span> <span class='ocrx_word' id='word_1_166' title='bbox 918 3325 1019 3390; x_wconf 88' lang='lat' dir='ltr'>quam</span> <span class='ocrx_word' id='word_1_167' title='bbox 1053 3301 1116 3366; x_wconf 91' lang='lat' dir='ltr'>Ina</span> <span class='ocrx_word' id='word_1_168' title='bbox 1148 3324 1209 3367; x_wconf 83' lang='lat' dir='ltr'>rex</span> <span class='ocrx_word' id='word_1_169' title='bbox 1240 3302 1398 3371; x_wconf 85' lang='lat' dir='ltr'>Occiden-</span> 
     </span>
    </p>
   </div>
   <div class='ocr_carea' id='block_1_13' title="bbox 351 3404 1566 3486">
    <p class='ocr_par' dir='ltr' id='par_1_14' title="bbox 351 3404 1566 3486">
     <span class='ocr_line' id='line_1_23' title="bbox 351 3404 1566 3486; baseline 0.001 -15"><span class='ocrx_word' id='word_1_170' title='bbox 351 3406 465 3471; x_wconf 85' lang='lat' dir='ltr'>talium</span> <span class='ocrx_word' id='word_1_171' title='bbox 500 3406 669 3472; x_wconf 75' lang='lat' dir='ltr'>Saxonum</span> <span class='ocrx_word' id='word_1_172' title='bbox 700 3410 939 3486; x_wconf 84' lang='lat' dir='ltr'>construxerat,</span> <span class='ocrx_word' id='word_1_173' title='bbox 975 3404 1129 3469; x_wconf 91' lang='lat' dir='ltr'>donando</span> <span class='ocrx_word' id='word_1_174' title='bbox 1161 3406 1275 3473; x_wconf 72' lang='grc' dir='ltr'>Βοωω</span> <span class='ocrx_word' id='word_1_175' title='bbox 1297 3408 1397 3474; x_wconf 87' lang='lat' dir='ltr'>dena-</span> <span class='ocrx_word' id='word_1_176' title='bbox 1410 3411 1566 3479; x_wconf 71' lang='lat' dir='ltr'>Subsequent</span> 
     </span>
    </p>
   </div>
   <div class='ocr_carea' id='block_1_14' title="bbox 350 3481 1569 3599">
    <p class='ocr_par' dir='ltr' id='par_1_15' title="bbox 350 3481 1569 3599">
     <span class='ocr_line' id='line_1_24' title="bbox 350 3481 1569 3599; baseline 0.007 -27"><span class='ocrx_word' id='word_1_177' title='bbox 350 3509 434 3573; x_wconf 86' lang='lat' dir='ltr'>rium</span> <span class='ocrx_word' id='word_1_178' title='bbox 468 3509 574 3574; x_wconf 88' lang='lat' dir='ltr'>sancti</span> <span class='ocrx_word' id='word_1_179' title='bbox 607 3507 709 3583; x_wconf 91' lang='lat' dir='ltr'>Petri,</span> <span class='ocrx_word' id='word_1_180' title='bbox 739 3514 779 3573; x_wconf 90' lang='lat' dir='ltr'>ut</span> <span class='ocrx_word' id='word_1_181' title='bbox 812 3507 916 3594; x_wconf 86' lang='lat' dir='ltr'>Angli</span> <span class='ocrx_word' id='word_1_182' title='bbox 953 3507 1098 3572; x_wconf 86' lang='lat' dir='ltr'>scholam</span> <span class='ocrx_word' id='word_1_183' title='bbox 1136 3528 1236 3593; x_wconf 90' lang='lat' dir='ltr'>quam</span> <span class='ocrx_word' id='word_1_184' title='bbox 1272 3509 1396 3577; x_wconf 91' lang='lat' dir='ltr'>ibidem</span> <span class='ocrx_word' id='word_1_185' title='bbox 1409 3481 1569 3599; x_wconf 53' lang='lat' dir='ltr'>ffissffos</span> 
     </span>
    </p>
   </div>
   <div class='ocr_carea' id='block_1_15' title="bbox 351 3602 1560 3695">
    <p class='ocr_par' dir='ltr' id='par_1_16' title="bbox 351 3602 1560 3695">
     <span class='ocr_line' id='line_1_25' title="bbox 351 3602 1560 3695; baseline 0.001 -20"><span class='ocrx_word' id='word_1_186' title='bbox 351 3610 552 3676; x_wconf 87' lang='lat' dir='ltr'>fundaverat</span> <span class='ocrx_word' id='word_1_187' title='bbox 589 3615 778 3675; x_wconf 82' lang='lat' dir='ltr'>exercentes</span> <span class='ocrx_word' id='word_1_188' title='bbox 816 3609 894 3675; x_wconf 91' lang='lat' dir='ltr'>inde</span> <span class='ocrx_word' id='word_1_189' title='bbox 931 3610 1044 3674; x_wconf 85' lang='lat' dir='ltr'>vivere</span> <span class='ocrx_word' id='word_1_190' title='bbox 1080 3614 1213 3695; x_wconf 88' lang='lat' dir='ltr'>possent</span> <span class='ocrx_word' id='word_1_191' title='bbox 1251 3602 1395 3692; x_wconf 80' lang='lat' dir='ltr'>honeste,</span> <span class='ocrx_word' id='word_1_192' title='bbox 1408 3612 1499 3664; x_wconf 74' lang='lat' dir='ltr'>Alaea</span> <span class='ocrx_word' id='word_1_193' title='bbox 1510 3617 1560 3665; x_wconf 76' lang='lat' dir='ltr'>ana</span> 
     </span>
    </p>
   </div>
   <div class='ocr_carea' id='block_1_16' title="bbox 250 3681 1554 4196">
    <p class='ocr_par' dir='ltr' id='par_1_17' title="bbox 250 3681 1554 4196">
     <span class='ocr_line' id='line_1_26' title="bbox 250 3681 1554 3796; baseline 0.003 -25"><span class='ocrx_word' id='word_1_194' title='bbox 250 3721 339 3789; x_wconf 75' lang='lat' dir='ltr'>lligdm.</span> <span class='ocrx_word' id='word_1_195' title='bbox 350 3709 549 3796; x_wconf 73' lang='lat' dir='ltr'>sumptuosis</span> <span class='ocrx_word' id='word_1_196' title='bbox 579 3707 732 3794; x_wconf 69' lang='lat' dir='ltr'>expensis</span> <span class='ocrx_word' id='word_1_197' title='bbox 763 3716 932 3788; x_wconf 71' lang='lat' dir='ltr'>reparavit.⁸</span> <span class='ocrx_word' id='word_1_198' title='bbox 967 3716 1016 3771; x_wconf 91' lang='lat' dir='ltr'>Ibi</span> <span class='ocrx_word' id='word_1_199' title='bbox 1044 3734 1160 3788; x_wconf 88' lang='lat' dir='ltr'>quoquc</span> <span class='ocrx_word' id='word_1_200' title='bbox 1185 3734 1253 3773; x_wconf 92' lang='lat' dir='ltr'>cum</span> <span class='ocrx_word' id='word_1_201' title='bbox 1279 3720 1396 3791; x_wconf 89' lang='lat' dir='ltr'>publice</span> <span class='ocrx_word' id='word_1_202' title='bbox 1409 3681 1554 3734; x_wconf 55' lang='lat' dir='ltr'>Ethd&#39;uff‘</span> 
     </span>
     <span class='ocr_line' id='line_1_27' title="bbox 350 3803 1396 3879; baseline 0.001 -17"><span class='ocrx_word' id='word_1_203' title='bbox 350 3808 522 3879; x_wconf 80' lang='lat' dir='ltr'>poenitentes</span> <span class='ocrx_word' id='word_1_204' title='bbox 550 3825 584 3862; x_wconf 88' lang='lat' dir='ltr'>ao</span> <span class='ocrx_word' id='word_1_205' title='bbox 610 3806 709 3861; x_wconf 85' lang='lat' dir='ltr'>exules</span> <span class='ocrx_word' id='word_1_206' title='bbox 727 3806 806 3860; x_wconf 89' lang='lat' dir='ltr'>ferro</span> <span class='ocrx_word' id='word_1_207' title='bbox 829 3803 1085 3869; x_wconf 86' lang='lat' dir='ltr'>vinctos-videret,</span> <span class='ocrx_word' id='word_1_208' title='bbox 1107 3805 1276 3877; x_wconf 83' lang='lat' dir='ltr'>impetravit</span> <span class='ocrx_word' id='word_1_209' title='bbox 1302 3827 1321 3863; x_wconf 90' lang='lat' dir='ltr'>a</span> <span class='ocrx_word' id='word_1_210' title='bbox 1346 3809 1396 3863; x_wconf 90' lang='lat' dir='ltr'>do·</span> 
     </span>
     <span class='ocr_line' id='line_1_28' title="bbox 350 3887 1396 3963; baseline 0.002 -17"><span class='ocrx_word' id='word_1_211' title='bbox 350 3891 428 3946; x_wconf 87' lang='lat' dir='ltr'>mino</span> <span class='ocrx_word' id='word_1_212' title='bbox 454 3908 531 3963; x_wconf 81' lang='lat' dir='ltr'>papa</span> <span class='ocrx_word' id='word_1_213' title='bbox 555 3895 589 3945; x_wconf 87' lang='lat' dir='ltr'>ut</span> <span class='ocrx_word' id='word_1_214' title='bbox 612 3888 703 3960; x_wconf 86' lang='lat' dir='ltr'>Angli</span> <span class='ocrx_word' id='word_1_215' title='bbox 729 3887 867 3960; x_wconf 90' lang='lat' dir='ltr'>deinceps</span> <span class='ocrx_word' id='word_1_216' title='bbox 894 3894 977 3943; x_wconf 85' lang='lat' dir='ltr'>extra</span> <span class='ocrx_word' id='word_1_217' title='bbox 994 3889 1119 3958; x_wconf 85' lang='lat' dir='ltr'>patriam</span> <span class='ocrx_word' id='word_1_218' title='bbox 1138 3907 1222 3945; x_wconf 88' lang='lat' dir='ltr'>suam</span> <span class='ocrx_word' id='word_1_219' title='bbox 1247 3910 1396 3963; x_wconf 91' lang='lat' dir='ltr'>nunquam</span> 
     </span>
     <span class='ocr_line' id='line_1_29' title="bbox 351 3959 1396 4044; baseline 0.005 -20"><span class='ocrx_word' id='word_1_220' title='bbox 351 3970 440 4027; x_wconf 82' lang='lat' dir='ltr'>vincti</span> <span class='ocrx_word' id='word_1_221' title='bbox 464 3971 648 4042; x_wconf 85' lang='lat' dir='ltr'>poeuiterent.</span> <span class='ocrx_word' id='word_1_222' title='bbox 696 3959 743 4024; x_wconf 80' lang='lat' dir='ltr'>Et</span> <span class='ocrx_word' id='word_1_223' title='bbox 765 3969 802 4024; x_wconf 93' lang='lat' dir='ltr'>ob</span> <span class='ocrx_word' id='word_1_224' title='bbox 828 3969 885 4023; x_wconf 93' lang='lat' dir='ltr'>hoo</span> <span class='ocrx_word' id='word_1_225' title='bbox 909 3967 1080 4023; x_wconf 74' lang='lat' dir='ltr'>denarium·</span> <span class='ocrx_word' id='word_1_226' title='bbox 1098 3969 1187 4024; x_wconf 87' lang='lat' dir='ltr'>Petro</span> <span class='ocrx_word' id='word_1_227' title='bbox 1211 3969 1248 4025; x_wconf 92' lang='lat' dir='ltr'>de</span> <span class='ocrx_word' id='word_1_228' title='bbox 1270 3972 1396 4044; x_wconf 87' lang='lat' dir='ltr'>singulis</span> 
     </span>
     <span class='ocr_line' id='line_1_30' title="bbox 350 4046 1396 4122; baseline 0.005 -17"><span class='ocrx_word' id='word_1_229' title='bbox 350 4050 484 4107; x_wconf 88' lang='lat' dir='ltr'>domibus</span> <span class='ocrx_word' id='word_1_230' title='bbox 502 4050 587 4122; x_wconf 81' lang='lat' dir='ltr'>regni</span> <span class='ocrx_word' id='word_1_231' title='bbox 613 4049 660 4105; x_wconf 93' lang='lat' dir='ltr'>sui</span> <span class='ocrx_word' id='word_1_232' title='bbox 672 4047 829 4113; x_wconf 69' lang='lat' dir='ltr'>samuntim</span> <span class='ocrx_word' id='word_1_233' title='bbox 853 4048 1033 4105; x_wconf 88' lang='lat' dir='ltr'>concessisse</span> <span class='ocrx_word' id='word_1_234' title='bbox 1043 4048 1064 4114; x_wconf 78' lang='lat'>3⁸</span> <span class='ocrx_word' id='word_1_235' title='bbox 1081 4046 1133 4104; x_wconf 89' lang='lat' dir='ltr'>sed</span> <span class='ocrx_word' id='word_1_236' title='bbox 1161 4055 1191 4104; x_wconf 88' lang='lat' dir='ltr'>et</span> <span class='ocrx_word' id='word_1_237' title='bbox 1217 4052 1296 4106; x_wconf 90' lang='lat' dir='ltr'>omni</span> <span class='ocrx_word' id='word_1_238' title='bbox 1321 4070 1396 4111; x_wconf 87' lang='lat' dir='ltr'>anuo</span> 
     </span>
     <span class='ocr_line' id='line_1_31' title="bbox 350 4131 1396 4196; baseline 0.002 -5"><span class='ocrx_word' id='word_1_239' title='bbox 350 4140 456 4191; x_wconf 83' lang='lat' dir='ltr'>extunc</span> <span class='ocrx_word' id='word_1_240' title='bbox 482 4138 627 4189; x_wconf 86' lang='lat' dir='ltr'>trecentas</span> <span class='ocrx_word' id='word_1_241' title='bbox 655 4150 769 4188; x_wconf 90' lang='lat' dir='ltr'>marcas</span> <span class='ocrx_word' id='word_1_242' title='bbox 795 4133 896 4187; x_wconf 83' lang='lat' dir='ltr'>Romm</span> <span class='ocrx_word' id='word_1_243' title='bbox 922 4131 1013 4196; x_wconf 88' lang='lat' dir='ltr'>misit,</span> <span class='ocrx_word' id='word_1_244' title='bbox 1040 4131 1188 4195; x_wconf 84' lang='lat' dir='ltr'>videlicet,</span> <span class='ocrx_word' id='word_1_245' title='bbox 1216 4143 1334 4190; x_wconf 88' lang='lat' dir='ltr'>centum</span> <span class='ocrx_word' id='word_1_246' title='bbox 1358 4138 1396 4193; x_wconf 88' lang='lat' dir='ltr'>ad</span> 
     </span>
    </p>
   </div>
   <div class='ocr_carea' id='block_1_17' title="bbox 350 4211 1394 4374">
    <p class='ocr_par' dir='ltr' id='par_1_18' title="bbox 350 4211 1394 4374">
     <span class='ocr_line' id='line_1_32' title="bbox 350 4211 1394 4297; baseline 0.002 -19"><span class='ocrx_word' id='word_1_247' title='bbox 350 4223 492 4279; x_wconf 88' lang='lat' dir='ltr'>luminare</span> <span class='ocrx_word' id='word_1_248' title='bbox 505 4211 631 4279; x_wconf 80' lang='lat' dir='ltr'>sancti⁰</span> <span class='ocrx_word' id='word_1_249' title='bbox 643 4221 735 4286; x_wconf 88' lang='lat' dir='ltr'>Petri,</span> <span class='ocrx_word' id='word_1_250' title='bbox 749 4226 866 4277; x_wconf 85' lang='lat' dir='ltr'>centum</span> <span class='ocrx_word' id='word_1_251' title='bbox 882 4219 920 4274; x_wconf 87' lang='lat' dir='ltr'>ad</span> <span class='ocrx_word' id='word_1_252' title='bbox 932 4219 1076 4276; x_wconf 89' lang='lat' dir='ltr'>luminare</span> <span class='ocrx_word' id='word_1_253' title='bbox 1087 4211 1214 4279; x_wconf 79' lang='lat' dir='ltr'>sancti⁶</span> <span class='ocrx_word' id='word_1_254' title='bbox 1226 4223 1322 4289; x_wconf 87' lang='lat' dir='ltr'>Pauli,</span> <span class='ocrx_word' id='word_1_255' title='bbox 1338 4222 1394 4297; x_wconf 88' lang='lat' dir='ltr'>[et]</span> 
     </span>
     <span class='ocr_line' id='line_1_33' title="bbox 350 4303 710 4374; baseline -0.008 -16"><span class='ocrx_word' id='word_1_256' title='bbox 350 4310 466 4360; x_wconf 87' lang='lat' dir='ltr'>contum</span> <span class='ocrx_word' id='word_1_257' title='bbox 484 4303 601 4360; x_wconf 91' lang='lat' dir='ltr'>domino</span> <span class='ocrx_word' id='word_1_258' title='bbox 618 4318 710 4374; x_wconf 77' lang='lat' dir='ltr'>papa.</span> 
     </span>
    </p>
   </div>
   <div class='ocr_carea' id='block_1_18' title="bbox 349 4593 1395 5298">
    <p class='ocr_par' dir='ltr' id='par_1_19' title="bbox 350 4593 1395 4743">
     <span class='ocr_line' id='line_1_34' title="bbox 383 4593 1395 4665; baseline 0 -18"><span class='ocrx_word' id='word_1_259' title='bbox 383 4606 391 4636; x_wconf 88' lang='lat'><strong>¹</strong></span> <span class='ocrx_word' id='word_1_260' title='bbox 401 4595 531 4665; x_wconf 56' lang='lat' dir='ltr'>maurol]</span> <span class='ocrx_word' id='word_1_261' title='bbox 551 4596 582 4646; x_wconf 80' lang='lat' dir='ltr'>Il.</span> <span class='ocrx_word' id='word_1_262' title='bbox 599 4593 710 4660; x_wconf 71' lang='lat' dir='ltr'>Higdera</span> <span class='ocrx_word' id='word_1_263' title='bbox 724 4593 853 4659; x_wconf 69' lang='lat' dir='ltr'>praeisset,</span> <span class='ocrx_word' id='word_1_264' title='bbox 896 4597 911 4621; x_wconf 88' lang='lat'><strong>“</strong></span> <span class='ocrx_word' id='word_1_265' title='bbox 923 4593 1061 4644; x_wconf 85' lang='lat' dir='ltr'>novissimo</span> <span class='ocrx_word' id='word_1_266' title='bbox 1073 4593 1180 4644; x_wconf 87' lang='lat' dir='ltr'>Romam</span> <span class='ocrx_word' id='word_1_267' title='bbox 1198 4596 1336 4659; x_wconf 83' lang='lat' dir='ltr'>perrexit‚&#39;’</span> <span class='ocrx_word' id='word_1_268' title='bbox 1349 4597 1395 4647; x_wconf 81' lang='lat' dir='ltr'>&amp;c</span> 
     </span>
     <span class='ocr_line' id='line_1_35' title="bbox 350 4671 1395 4743; baseline 0.002 -22"><span class='ocrx_word' id='word_1_269' title='bbox 350 4680 395 4729; x_wconf 67' lang='lat' dir='ltr'>&amp;a</span> <span class='ocrx_word' id='word_1_270' title='bbox 424 4739 425 4743; x_wconf 10' lang='grc' dir='ltr'><strong>Ἰ</strong></span> <span class='ocrx_word' id='word_1_271' title='bbox 927 4671 980 4724; x_wconf 69' lang='grc'>’3.</span> <span class='ocrx_word' id='word_1_272' title='bbox 1001 4672 1114 4738; x_wconf 77' lang='lat' dir='ltr'>ngdeu,</span> <span class='ocrx_word' id='word_1_273' title='bbox 1139 4675 1232 4740; x_wconf 74' lang='lat' dir='ltr'>eyreyie</span> <span class='ocrx_word' id='word_1_274' title='bbox 1262 4675 1395 4738; x_wconf 81' lang='lat' dir='ltr'>reparavit,</span> 
     </span>
    </p>

    <p class='ocr_par' dir='ltr' id='par_1_20' title="bbox 349 4751 1394 5298">
     <span class='ocr_line' id='line_1_36' title="bbox 383 4751 1394 4822; baseline -0.003 -17"><span class='ocrx_word' id='word_1_275' title='bbox 383 4754 523 4822; x_wconf 63' lang='lat' dir='ltr'>’quintunj</span> <span class='ocrx_word' id='word_1_276' title='bbox 533 4754 577 4804; x_wconf 70' lang='lat' dir='ltr'>sic</span> <span class='ocrx_word' id='word_1_277' title='bbox 585 4752 722 4804; x_wconf 82' lang='lat' dir='ltr'>inMS.for</span> <span class='ocrx_word' id='word_1_278' title='bbox 730 4759 849 4816; x_wconf 80' lang='lat' dir='ltr'>quartum.</span> <span class='ocrx_word' id='word_1_279' title='bbox 893 4768 956 4816; x_wconf 75' lang='lat' dir='ltr'>quc,</span> <span class='ocrx_word' id='word_1_280' title='bbox 974 4760 1001 4801; x_wconf 77' lang='lat' dir='ltr'>at</span> <span class='ocrx_word' id='word_1_281' title='bbox 1011 4753 1105 4816; x_wconf 72' lang='lat' dir='ltr'>fertur,</span> <span class='ocrx_word' id='word_1_282' title='bbox 1125 4751 1157 4801; x_wconf 82' lang='lat' dir='ltr'>ot</span> <span class='ocrx_word' id='word_1_283' title='bbox 1180 4752 1243 4820; x_wconf 76' lang='lat' dir='ltr'>Offa</span> <span class='ocrx_word' id='word_1_284' title='bbox 1265 4770 1320 4817; x_wconf 74' lang='lat' dir='ltr'>repe</span> <span class='ocrx_word' id='word_1_285' title='bbox 1339 4755 1394 4818; x_wconf 82' lang='lat' dir='ltr'>pri-</span> 
     </span>
     <span class='ocr_line' id='line_1_37' title="bbox 350 4830 1394 4901; baseline -0.006 -15"><span class='ocrx_word' id='word_1_286' title='bbox 350 4836 536 4901; x_wconf 70' lang='lat' dir='ltr'>PopeIaeoIV.</span> <span class='ocrx_word' id='word_1_287' title='bbox 545 4834 615 4884; x_wconf 88' lang='lat' dir='ltr'>filled</span> <span class='ocrx_word' id='word_1_288' title='bbox 623 4833 666 4883; x_wconf 83' lang='lat' dir='ltr'>the</span> <span class='ocrx_word' id='word_1_289' title='bbox 677 4833 749 4896; x_wconf 84' lang='lat' dir='ltr'>papal</span> <span class='ocrx_word' id='word_1_290' title='bbox 758 4831 853 4881; x_wconf 83' lang='lat' dir='ltr'>throne.</span> <span class='ocrx_word' id='word_1_291' title='bbox 894 4832 966 4880; x_wconf 68' lang='lat' dir='ltr'>mima</span> <span class='ocrx_word' id='word_1_292' title='bbox 991 4832 1083 4895; x_wconf 79' lang='lat' dir='ltr'>suerat</span> <span class='ocrx_word' id='word_1_293' title='bbox 1114 4832 1235 4893; x_wconf 73' lang='lat' dir='ltr'>instituta,</span> <span class='ocrx_word' id='word_1_294' title='bbox 1260 4830 1303 4880; x_wconf 81' lang='lat' dir='ltr'>scd</span> <span class='ocrx_word' id='word_1_295' title='bbox 1329 4847 1394 4880; x_wconf 80' lang='lat' dir='ltr'>auno</span> 
     </span>
     <span class='ocr_line' id='line_1_38' title="bbox 351 4908 1394 4976; baseline -0.005 -11"><span class='ocrx_word' id='word_1_296' title='bbox 351 4916 416 4966; x_wconf 79' lang='lat' dir='ltr'>from</span> <span class='ocrx_word' id='word_1_297' title='bbox 429 4915 554 4965; x_wconf 81' lang='grc' dir='ltr'>Δ.Ι).847</span> <span class='ocrx_word' id='word_1_298' title='bbox 565 4917 657 4962; x_wconf 74' lang='lat' dir='ltr'>loeta.</span> <span class='ocrx_word' id='word_1_299' title='bbox 682 4911 850 4975; x_wconf 78' lang='lat' dir='ltr'>Higdensays</span> <span class='ocrx_word' id='word_1_300' title='bbox 873 4924 875 4940; x_wconf 84' lang='lat'><strong>¹</strong></span> <span class='ocrx_word' id='word_1_301' title='bbox 890 4911 1003 4976; x_wconf 74' lang='lat' dir='ltr'>proximo</span> <span class='ocrx_word' id='word_1_302' title='bbox 1021 4909 1171 4976; x_wconf 68' lang='lat' dir='ltr'>precedente</span> <span class='ocrx_word' id='word_1_303' title='bbox 1190 4908 1394 4974; x_wconf 63' lang='lat' dir='ltr'>constupraretur.</span> 
     </span>
     <span class='ocr_line' id='line_1_39' title="bbox 353 4988 1206 5059; baseline -0.008 -15"><span class='ocrx_word' id='word_1_304' title='bbox 353 4995 462 5059; x_wconf 75' lang='lat' dir='ltr'>nothing</span> <span class='ocrx_word' id='word_1_305' title='bbox 485 4994 515 5044; x_wconf 83' lang='lat' dir='ltr'>ol</span> <span class='ocrx_word' id='word_1_306' title='bbox 534 4992 647 5042; x_wconf 82' lang='lat' dir='ltr'>llllred&#39;s</span> <span class='ocrx_word' id='word_1_307' title='bbox 664 4990 719 5040; x_wconf 83' lang='lat' dir='ltr'>first</span> <span class='ocrx_word' id='word_1_308' title='bbox 741 4989 802 5039; x_wconf 82' lang='lat' dir='ltr'>visit</span> <span class='ocrx_word' id='word_1_309' title='bbox 823 4998 850 5040; x_wconf 86' lang='lat' dir='ltr'>to</span> <span class='ocrx_word' id='word_1_310' title='bbox 892 4989 969 5054; x_wconf 76' lang='lat' dir='ltr'>(Cod.</span> <span class='ocrx_word' id='word_1_311' title='bbox 980 4989 1061 5039; x_wconf 75' lang='lat' dir='ltr'>wine</span> <span class='ocrx_word' id='word_1_312' title='bbox 1072 4988 1106 5038; x_wconf 84' lang='lat' dir='ltr'>V.</span> <span class='ocrx_word' id='word_1_313' title='bbox 1119 5005 1141 5040; x_wconf 87' lang='lat' dir='ltr'>c.</span> <span class='ocrx_word' id='word_1_314' title='bbox 1152 4992 1206 5053; x_wconf 83' lang='lat'>³0.)</span> 
     </span>
     <span class='ocr_line' id='line_1_40' title="bbox 351 5064 1366 5133; baseline -0.007 -10"><span class='ocrx_word' id='word_1_315' title='bbox 351 5074 438 5132; x_wconf 81' lang='lat' dir='ltr'>Rome,</span> <span class='ocrx_word' id='word_1_316' title='bbox 462 5073 507 5122; x_wconf 84' lang='lat' dir='ltr'>bnt</span> <span class='ocrx_word' id='word_1_317' title='bbox 533 5064 704 5133; x_wconf 79' lang='lat' dir='ltr'>immediately</span> <span class='ocrx_word' id='word_1_318' title='bbox 722 5069 786 5119; x_wconf 75' lang='lat' dir='ltr'>aster</span> <span class='ocrx_word' id='word_1_319' title='bbox 806 5069 849 5118; x_wconf 83' lang='lat' dir='ltr'>the</span> <span class='ocrx_word' id='word_1_320' title='bbox 927 5067 1030 5129; x_wconf 78' lang='lat' dir='ltr'>‘R.H.‚</span> <span class='ocrx_word' id='word_1_321' title='bbox 1042 5066 1366 5132; x_wconf 77' lang='lat' dir='ltr'>seruntipsumdenarium.</span> 
     </span>
     <span class='ocr_line' id='line_1_41' title="bbox 350 5145 1386 5217; baseline -0.006 -14"><span class='ocrx_word' id='word_1_322' title='bbox 350 5155 418 5203; x_wconf 74' lang='lat' dir='ltr'>word</span> <span class='ocrx_word' id='word_1_323' title='bbox 440 5159 455 5181; x_wconf 76' lang='lat'>‘⁶</span> <span class='ocrx_word' id='word_1_324' title='bbox 468 5150 619 5217; x_wconf 78' lang='lat' dir='ltr'>genuisset,”</span> <span class='ocrx_word' id='word_1_325' title='bbox 641 5150 767 5213; x_wconf 81' lang='lat' dir='ltr'>proceeds,</span> <span class='ocrx_word' id='word_1_326' title='bbox 784 5151 799 5177; x_wconf 86' lang='lat'>“</span> <span class='ocrx_word' id='word_1_327' title='bbox 811 5164 850 5197; x_wconf 88' lang='lat' dir='ltr'>as·</span> <span class='ocrx_word' id='word_1_328' title='bbox 926 5145 1103 5211; x_wconf 67' lang='lat' dir='ltr'>&#39;concashad</span> <span class='ocrx_word' id='word_1_329' title='bbox 1115 5145 1170 5196; x_wconf 83' lang='lat' dir='ltr'>MS.</span> <span class='ocrx_word' id='word_1_330' title='bbox 1183 5147 1254 5196; x_wconf 80' lang='lat' dir='ltr'>reads</span> <span class='ocrx_word' id='word_1_331' title='bbox 1262 5148 1386 5212; x_wconf 75' lang='lat' dir='ltr'>coacessit.</span> 
     </span>
     <span class='ocr_line' id='line_1_42' title="bbox 349 5225 1227 5298; baseline -0.008 -15"><span class='ocrx_word' id='word_1_332' title='bbox 349 5237 364 5261; x_wconf 80' lang='lat'>‘⁴</span> <span class='ocrx_word' id='word_1_333' title='bbox 376 5241 476 5298; x_wconf 79' lang='lat' dir='ltr'>sumpto</span> <span class='ocrx_word' id='word_1_334' title='bbox 497 5246 582 5282; x_wconf 87' lang='lat' dir='ltr'>secum</span> <span class='ocrx_word' id='word_1_335' title='bbox 603 5228 717 5280; x_wconf 79' lang='lat' dir='ltr'>Aluredo</span> <span class='ocrx_word' id='word_1_336' title='bbox 739 5226 848 5279; x_wconf 83' lang='lat' dir='ltr'>tiliorum</span> <span class='ocrx_word' id='word_1_337' title='bbox 872 5246 874 5267; x_wconf 70' lang='grc' dir='ltr'>ι</span> <span class='ocrx_word' id='word_1_338' title='bbox 928 5225 1043 5292; x_wconf 67' lang='grc' dir='ltr'>Ιειιιιοιὶ]</span> <span class='ocrx_word' id='word_1_339' title='bbox 1058 5225 1227 5277; x_wconf 71' lang='lat' dir='ltr'>Notiallll.</span> 
     </span>
    </p>
   </div>
   <div class='ocr_carea' id='block_1_19' title="bbox 0 0 1920 6450">
    <p class='ocr_par' dir='ltr' id='par_1_21' title="bbox 0 0 1920 6450">
     <span class='ocr_line' id='line_1_43' title="bbox 0 0 1920 6450; baseline 0 0"><span class='ocrx_word' id='word_1_340' title='bbox 0 0 1920 6450; x_wconf 95' lang='lat' dir='ltr'> </span> 
     </span>
    </p>
   </div>
  </div>
 </body>
</html>
