3817 6450
721 1187 824 1236 amaa
845 1187 893 1235 aa
916 1183 1026 1235 urus.
1334 1175 1399 1238 123

349 1376 433 1448 enjus
462 1376 630 1447 sepulcrum
656 1381 686 1431 et
711 1376 776 1448 ipsa
793 1375 950 1430 transactis
969 1373 1139 1446 quindecim
1157 1374 1262 1430 diebus
1273 1374 1400 1432 vinculis
1421 1388 1560 1448 Apsum,

348 1461 445 1516 carnis
457 1460 599 1523 absoluta,
612 1458 818 1515 decentissime
829 1460 951 1513 humata
963 1465 1017 1523 est,
1030 1458 1233 1514 haereditatem
1250 1465 1401 1531 paternam
1413 1480 1455 1531 sol,
1470 1488 1499 1531 18
1511 1499 1533 1533 ο,

349 1546 410 1599 filio
423 1543 491 1600 suo¹
505 1544 661 1615 Reyburno
679 1543 858 1614 relinquens,
873 1548 908 1598 ut
926 1543 989 1614 ipse
1008 1542 1178 1598 memoriale
1197 1549 1352 1615 parentum
1370 1545 1401 1599 in

348 1630 475 1701 pectoris
494 1629 540 1684 sui
558 1628 723 1705 armariolo,
745 1646 834 1699 quam
852 1628 1011 1683 tenerrime
1031 1628 1189 1698 sigillando
1207 1630 1399 1700 imprimeret,

349 1713 415 1768 inde
433 1712 617 1785 promeritis
636 1713 768 1768 ooelestia
784 1730 878 1783 regna
895 1717 1088 1767 mercaturus.
1126 1708 1137 1729 '¹

395 1830 493 1895 Istud
515 1834 703 1895 extractum
726 1834 833 1894 estex
849 1829 980 1915 scriptis
996 1828 1141 1915 Gyrardi
1157 1830 1399 1910 Oomubiensis,

351 1934 387 1998 in
407 1933 490 1998 libro
512 1932 564 1999 De
589 1932 695 2000 aesta
721 1932 855 2017 Rapum
885 1931 1146 2011 Weetaeaonum‚
1172 1933 1317 2019 capitulo
1339 1933 1398 2021 xj0,

353 2043 369 2072 ‘¹
383 2034 506 2122 Gwydo
529 2034 569 2100 de
589 2033 767 2120 Warewylo,
790 2040 820 2099 et
842 2055 931 2099 acor
953 2032 1026 2119 ejus
1048 2032 1208 2100 Felicio.''

424 2317 454 2401 [ξ
479 2316 522 2401 3.]
545 2314 751 2380 Notandum
775 2313 816 2379 do
839 2312 911 2379 alio
933 2314 1093 2382 mirabili
1116 2316 1211 2401 facto
1234 2318 1325 2404 reple

773 2415 976 2484 arctatam.

398 2574 549 2654 Quodam
565 2573 666 2638 etiam
682 2576 838 2657 tempore,
851 2571 1015 2636 Analafus
1030 2595 1189 2659 paganus,
1206 2575 1295 2640 filius
1310 2577 1400 2642 Sith-
1414 2601 1482 2652 AD.
1495 2604 1561 2653 927-

356 2676 420 2755 rici,
436 2699 494 2741 rex
510 2675 683 2740 Hibemiae
697 2674 943 2760 multarumque
965 2675 1157 2755 insularum,
1174 2700 1194 2741 a
1217 2701 1326 2744 socero
1341 2703 1401 2746 suo
1414 2674 1469 2718 ⁹³²·

356 2801 426 2865 rege
450 2778 639 2843 Scottorum
664 2776 884 2851 Constantino
907 2778 1075 2856 incitatus,
1092 2780 1214 2844 ostium
1239 2781 1401 2849 Humbrae
1413 2749 1541 2864 {affin

357 2881 498 2945 fluminis
520 2879 632 2943 valida
664 2900 739 2943 cum
771 2879 873 2943 classe
904 2879 1054 2955 intravit.
1111 2881 1174 2947 (lui
1201 2905 1262 2948 rex
1284 2881 1476 2951 Athel-with
1487 2880 1531 2930 ²¹¹0
1602 2933 1607 2941 ·

357 2988 475 3059 stanus,
498 3004 571 3046 oum
594 2981 695 3045 fratre
718 3003 776 3046 suo
801 2982 988 3062 Edmundo,
1006 2986 1094 3070 apud
1118 2986 1277 3052 Brunfort
1293 2949 1571 3064 occur-ffiffioe

356 3087 404 3150 rit.
451 3083 535 3151 cum
558 3083 663 3170 igitur
684 3084 769 3148 acies
792 3086 1034 3165 convenissent,
1050 3087 1212 3153 Analafiis
1235 3080 1538 3174 exquisit0⁰fA¹¹¹³fi

357 3193 434 3266 astu,
450 3187 576 3252 cithara
595 3187 747 3251 manibus
770 3191 913 3273 sumpta,
928 3188 991 3253 sub
1009 3190 1113 3275 specie
1136 3190 1316 3257 citharistae
1331 3196 1403 3258 ten-

356 3291 474 3355 torium
497 3280 688 3353 Athelstani
715 3289 908 3375 ingreditur.
954 3289 1025 3354 Ubi
1057 3290 1136 3355 dum
1168 3292 1257 3357 inter
1290 3295 1402 3380 epulas

356 3393 463 3458 omnia
494 3391 702 3478 explorasset,
730 3396 764 3456 et
795 3392 916 3477 stipem
943 3392 1037 3476 quasi
1063 3414 1122 3478 pro
1148 3394 1290 3460 melodia
1316 3419 1404 3464 aece-

357 3496 463 3582 pisset,
480 3495 598 3579 stipem
615 3515 776 3575 nauseans
798 3494 940 3557 latenter
954 3494 1016 3557 sub
1032 3515 1066 3558 se
1081 3495 1118 3557 in
1132 3501 1253 3561 terram
1269 3498 1404 3566 defodit.

358 3598 520 3663 Notatum
544 3600 594 3660 est
615 3596 677 3660 hoc
699 3618 719 3659 a
742 3595 893 3680 quodam,
911 3597 968 3679 qui
992 3597 1170 3680 aliquando
1191 3622 1265 3664 cum
1288 3602 1403 3668 eodem

358 3700 496 3764 Analafo
519 3698 700 3762 militasset
747 3698 813 3777 Qui
836 3701 871 3761 et
893 3697 964 3775 hoc,
988 3705 1063 3784 post
1086 3722 1247 3767 recessum
1262 3703 1404 3784 Anelafi,

358 3802 550 3866 Athelstano
571 3799 748 3863 nunciavit
796 3800 869 3864 Rex
900 3799 1031 3865 incusat
1064 3803 1240 3870 relatorem
1262 3827 1321 3872 cur
1342 3808 1404 3873 hoc

358 3925 421 3968 non
451 3902 543 3988 prius
575 3901 772 3965 indicasset?
817 3900 877 3965 Ille
900 3903 1077 3988 respondit,
1104 3912 1122 3940 ‘¹
1139 3907 1265 3989 Fidem,
1292 3930 1312 3974 o
1335 3933 1402 3987 rex,

359 4014 496 4092 “quam
520 4004 616 4068 modo
640 4004 702 4067 tibi
726 4002 834 4082 debeo,
853 4005 1018 4089 quondam
1047 4006 1188 4073 Analaio
1211 4011 1295 4089 dedi,
1317 4014 1404 4078 unde

360 4109 424 4171 “si
455 4107 548 4171 illam
580 4106 678 4169 modo
710 4126 787 4188 erga
820 4105 916 4168 illum
947 4107 1129 4187 violassem,
1159 4111 1246 4176 idem
1280 4113 1321 4178 de
1353 4137 1405 4180 me

359 4217 376 4245 “
394 4215 527 4295 putares
550 4229 628 4292 erga
649 4227 821 4292 personam
836 4212 928 4272 tuam
943 4208 1013 4274 fore
1027 4208 1199 4277 facturum.
1246 4213 1311 4279 Sed
1327 4216 1404 4280 audi

360 4319 377 4345 ‘¹
397 4333 484 4375 nuno
517 4310 688 4374 consilium
723 4331 839 4373 meum.
898 4310 1091 4376 Tentorium
1123 4319 1217 4379 tuum
1252 4317 1295 4381 ab
1329 4317 1406 4383 hinc

360 4419 377 4449 ⁴‘
398 4434 538 4492 remove,
577 4418 615 4476 ut
649 4433 723 4476 cum
756 4412 826 4499 ipse
856 4413 1047 4498 peculanter
1080 4417 1260 4496 advenerit,
1299 4420 1404 4505 ipsum

360 4515 564 4602 “proposito
598 4515 778 4578 frustatum
808 4515 957 4581 modeste
988 4516 1149 4603 frangas.”
1204 4519 1277 4599 Quo
1309 4521 1404 4601 facte,

359 4616 516 4681 Analafus
547 4621 642 4681 noete
675 4616 839 4693 advolans
870 4617 1056 4704 episcopum
1086 4622 1252 4705 quendam
1284 4622 1320 4685 in
1350 4624 1406 4686 via

359 4725 654 4795 castrametantem,
690 4740 764 4782 cum
796 4718 921 4783 familia
951 4742 1019 4798 sua,
1052 4724 1176 4800 cecidit,
1202 4723 1405 4809 ulteriusque

358 4823 566 4909 progrediens
588 4824 623 4886 in
645 4821 733 4907 regis
756 4823 900 4886 tentoria
921 4823 1069 4909 impegit.
1127 4824 1192 4889 Sed
1215 4829 1319 4889 tanto
1343 4825 1405 4891 fre-
1443 4809 1444 4812 Ἴ

736 5102 743 5131 ¹
757 5100 821 5152 eote
833 5100 889 5153 MS.
902 5100 977 5151 omitt
987 5117 1041 5152 cao.
