3817 6450
784 1168 969 1217 armannus
1336 1158 1400 1221 309

396 1355 520 1421 Eodem
553 1365 697 1443 tempore
728 1361 800 1422 orta
830 1363 881 1421 est
919 1356 1081 1421 discordia
1111 1357 1199 1421 inter
1229 1358 1507 1424 Laodowi-f01.14.

351 1480 424 1522 cum
451 1481 560 1545 regem
584 1460 784 1525 Francorum
808 1464 842 1523 et
867 1459 1049 1524 Henricum
1087 1481 1197 1546 regem
1235 1459 1399 1525 Norman-
1412 1455 1533 1508 R²¹¹⁸W⁸¹

350 1560 540 1646 Anglorum,
580 1561 672 1646 cujus
706 1562 877 1627 discordiae
908 1584 1007 1626 causa
1042 1562 1158 1627 extitit
1191 1561 1398 1628 Theobaldus
1410 1524 1535 1641 gfsshssiffi

350 1683 454 1726 comes
478 1663 698 1741 Carnotensis
721 1686 823 1750 nepos
850 1663 997 1749 ejusdem
1021 1663 1166 1730 Henrioi.
1211 1664 1299 1729 Nam
1324 1687 1399 1730 cum
1410 1656 1556 1775 ffffim

350 1786 407 1827 rex
432 1786 506 1828 eum
541 1766 734 1831 Lodowicus
768 1767 926 1831 adversus
948 1788 982 1831 se
1013 1766 1254 1852 superbientem
1279 1768 1400 1833 acriter
1438 1761 1445 1773 ’
1473 1762 1479 1775 ’
1561 1762 1567 1776 ’

351 1872 563 1952 oppugnaret,
606 1890 665 1933 rex
712 1868 875 1934 Henrious
921 1875 1119 1956 congregato
1165 1871 1313 1935 exercitu
1355 1873 1398 1936 ad

348 1972 600 2035 succurrendum
630 1971 743 2055 nepoti
773 1972 809 2035 in
839 1972 1047 2036 Normannia
1078 1973 1221 2037 devenit
1269 1973 1398 2053 Quibus

349 2079 515 2158 permotus
557 2095 617 2137 rex
654 2074 854 2138 Francorum
885 2074 1043 2139 adversus
1080 2079 1260 2159 utrumque
1296 2076 1397 2163 coepit

349 2175 489 2240 viriliter
533 2176 697 2241 rebellare.
754 2177 902 2262 Cumque
934 2176 1042 2241 multa
1077 2177 1155 2242 hinc
1189 2177 1268 2244 inde
1306 2180 1394 2244 mala

350 2278 471 2353 tierent,
493 2279 627 2343 consilio
647 2279 761 2344 habito
785 2279 973 2345 concordati
988 2284 1068 2344 sunt
1083 2301 1176 2366 reges
1196 2281 1239 2345 ad
1254 2285 1394 2368 tempus.

350 2380 435 2443 Nam
463 2381 512 2445 ibi
543 2403 577 2446 se
610 2403 668 2445 rex
698 2381 862 2446 Henricus
896 2381 1042 2446 obsidem
1087 2381 1329 2467 quodammodo
1362 2395 1397 2448 et

348 2480 570 2567 fidejussorem
600 2483 788 2562 Theobaldi‚
819 2483 945 2548 nullius
975 2482 1099 2548 scilicet
1123 2484 1263 2549 ulterius
1294 2484 1396 2549 rebel-

349 2584 443 2647 lionis
486 2585 644 2650 adversus
682 2585 855 2651 dominum
898 2607 995 2650 suum
1032 2607 1143 2671 regem
1186 2585 1395 2663 Francorum,

349 2688 466 2772 posuit,
482 2694 582 2773 atque
604 2687 764 2774 Angliam
787 2693 839 2753 est
860 2708 1017 2753 reversus.

392 2790 493 2853 Facta
538 2795 587 2854 est
633 2791 792 2855 dissensio
844 2791 931 2854 inter
975 2811 1085 2876 regem
1132 2789 1313 2856 Henrioum
1362 2797 1397 2858 et
1410 2806 1545 2858 &masos

350 2893 585 2971 Laodowioum‚
610 2894 701 2977 cujus
734 2893 946 2958 dissensionis
976 2914 1117 2969 caeream,
1140 2914 1215 2977 quae
1239 2893 1397 2960 diuturna
1408 2873 1515 2989 ‘'eff'‘

349 2996 411 3060 fuit
433 3002 467 3060 et
488 2995 692 3081 gravissima,
708 2996 853 3061 breviter
868 2996 1060 3081 aperiemus.
1075 3041 1077 3048 -
1108 2994 1218 3081 Igitur
1233 3018 1307 3061 cum
1336 3019 1397 3062 rex
1408 3007 1514 3057 Franco.

351 3098 520 3175 Henrious,
544 3103 583 3162 ut
602 3098 753 3184 superius
776 3097 931 3174 diximus,
959 3098 994 3160 in
1021 3096 1129 3183 prima
1156 3098 1318 3163 discordia
1340 3122 1398 3185 per

347 3202 566 3267 deformiorem
595 3200 777 3265 Theobaldi
804 3200 935 3287 nepotis
966 3199 1017 3264 sui
1041 3198 1126 3264 iram
1151 3199 1238 3286 regis
1270 3200 1397 3266 Laudo·

347 3304 420 3368 wici
443 3305 638 3380 incurrisset,
657 3304 744 3369 idem
767 3325 826 3368 rex
845 3304 897 3367 ira
919 3306 1102 3367 commotus
1125 3303 1196 3388 [ob]
1220 3303 1396 3388 antiquum

347 3413 586 3472 antecessorum
602 3427 733 3469 suorum
749 3405 784 3468 in
801 3405 1007 3469 Normannia
1022 3403 1228 3469 dominatum
1251 3404 1396 3471 debitam

346 3510 581 3595 subjectionem
596 3509 638 3573 ab
656 3508 801 3572 Henrioo
824 3507 954 3593 exigere
973 3507 1082 3593 coepit.
1130 3506 1213 3573 Oum
1231 3508 1397 3574 Henrious

347 3634 405 3676 rex
427 3612 611 3677 satisfacere
633 3611 744 3689 vellet,
769 3609 884 3674 habito
900 3609 1037 3674 concilio
1060 3609 1198 3674 multam
1223 3612 1395 3695 pecuniam

347 3715 470 3780 obtulit
504 3737 541 3779 eo
573 3719 696 3790 tenore,
728 3719 767 3777 ut
799 3711 965 3777 Willelmo
1003 3711 1073 3775 filio
1107 3733 1165 3777 suo
1203 3713 1395 3778 comitatum

348 3817 563 3881 Normanniae
598 3817 796 3891 concederet,
821 3816 916 3900 eique
948 3837 991 3880 ex
1025 3836 1064 3879 ea
1095 3814 1241 3880 debitam
1276 3816 1395 3882 faceret

346 3920 581 4004 professionem.
622 3918 731 3996 Quare
747 3938 820 3982 cum
836 3917 1048 3982 Laodowious
1066 3917 1210 3982 libenter
1224 3924 1395 3995 annueret,

348 4021 460 4085 habito
482 4042 555 4085 cum
572 4021 639 4084 suis
656 4019 801 4095 concilio,
826 4018 960 4083 obstitit
982 4023 1017 4083 et
1042 4040 1148 4084 comes
1171 4019 1396 4086 Nevemensis

346 4146 492 4188 asserens
515 4123 606 4187 nullo
622 4123 720 4186 modo
737 4121 856 4186 debere
879 4121 914 4185 id
937 4121 1017 4196 fieri,
1040 4142 1101 4185 nec
1124 4142 1235 4207 regem
1252 4121 1394 4187 Franco-

347 4249 418 4289 rum
442 4225 555 4290 decere
578 4247 646 4289 esse
669 4229 739 4288 tam
764 4222 958 4288 mutabilem
981 4227 1042 4287 aut
1065 4223 1220 4309 cupidum
1243 4229 1283 4288 ut
1310 4224 1395 4289 Nor-

346 4329 521 4404 manniam,
545 4350 642 4412 quam
668 4348 777 4391 coram
810 4324 1012 4411 principibus
1035 4326 1103 4389 suis
1125 4345 1237 4390 eorum
1258 4327 1295 4391 in
1316 4347 1395 4411 quo-

346 4431 421 4494 dam
439 4430 585 4495 Concilio
601 4430 766 4493 Willelmo
782 4428 850 4492 filio
866 4427 1004 4492 Roberti
1020 4427 1185 4513 quondam
1198 4427 1395 4506 reddiderat,

347 4554 432 4596 nuno
469 4532 619 4596 avaritiae
651 4554 749 4596 causa
782 4530 918 4595 auferat.
969 4528 1043 4594 Hac
1074 4530 1114 4594 de
1140 4551 1238 4594 causa
1270 4535 1303 4594 et
1335 4528 1395 4594 hoo

347 4635 480 4699 consilio
504 4634 536 4697 N
539 4636 725 4712 cremensis
763 4633 891 4697 comitis
925 4630 1149 4696 contradicere
1180 4631 1395 4697 Laodowious

347 4736 498 4822 petitioni
524 4737 662 4800 Henrici
678 4737 714 4799 in
738 4735 917 4800 donatione
941 4735 1166 4810 Normanniae,
1182 4734 1240 4798 sed
1263 4741 1395 4821 accepta
1492 4782 1496 4801 .

349 4839 484 4924 pecunia
517 4839 560 4902 ad
594 4843 724 4924 tempus
758 4860 792 4900 se
822 4859 895 4902 oum
931 4859 968 4901 eo
1003 4836 1185 4902 concordat.
1231 4835 1330 4901 Unde
1360 4844 1395 4901 et

348 4942 542 5026 praedictum
576 4942 727 5006 comitem
763 4961 822 5004 rox
857 4939 1023 5004 Henrious
1046 4938 1259 5004 vehementer
1288 4938 1393 5003 iratus

348 5047 510 5133 Angliam,
545 5055 583 5112 ut
606 5044 827 5132 praediximus,
866 5045 1032 5111 remeavit.
1091 5043 1241 5129 Contigit
1282 5050 1393 5110 autem
