3817 6450
779 1178 964 1246 murnum.
1331 1169 1398 1235 297

346 1374 504 1452 expertus
528 1366 607 1451 quid
631 1367 750 1449 misera
774 1390 842 1431 sors
867 1368 1054 1432 mortalium
1080 1370 1193 1453 possit,
1216 1393 1236 1431 a
1271 1369 1480 1433 domes-AD.
1495 1386 1567 1433 ross.

347 1471 422 1534 ticis
468 1469 666 1534 intestinum
698 1470 822 1534 bellum
868 1471 1019 1556 suscepit.
1069 1471 1257 1535 Rebellavit
1296 1471 1396 1535 etiam

347 1573 505 1637 adversus
538 1594 613 1636 eum
648 1572 812 1636 Robertus
846 1573 1087 1659 primogenitus
1120 1574 1209 1637 filius
1247 1596 1325 1638 suus
1359 1596 1398 1638 ea

348 1675 388 1738 ule
404 1680 562 1752 causant
578 1674 684 1753 aiunt,
696 1674 774 1758 quia
786 1674 1009 1760 principatum
1026 1675 1251 1755 Normanniae,
1262 1676 1399 1740 vivente

349 1783 451 1862 lratre,
479 1799 546 1840 non
571 1780 701 1862 poterat
735 1777 890 1841 obtinere.
950 1777 1102 1863 Denique
1127 1778 1240 1857 iratus
1264 1776 1399 1842 collecta

351 1885 385 1941 et
431 1878 536 1943 electa
577 1900 677 1941 manu
722 1877 833 1941 valida
874 1879 1047 1963 juvenum,
1087 1878 1297 1944 Normannia
1332 1880 1399 1943 dis-

349 1982 455 2058 cessit,
493 1981 749 2066 praesidiumque
784 1982 819 2044 in
853 1980 962 2045 Gallia
1000 1982 1063 2046 sibi
1102 1982 1285 2047 constituit.
1335 1983 1399 2046 Ac-

350 2085 431 2148 cidit
454 2092 565 2148 autem
589 2085 731 2168 quadam
756 2084 818 2163 die,
843 2089 882 2148 ut
906 2106 981 2148 cum
1003 2086 1071 2148 suis
1095 2085 1131 2147 in
1155 2084 1398 2148 Normanniam

350 2187 513 2273 ingressus
543 2186 689 2251 caedibus
715 2192 748 2249 et
783 2187 906 2272 rapinis
939 2187 1116 2265 insisteret,
1141 2187 1345 2273 occurritque
1369 2189 1399 2250 ei

350 2294 443 2374 pater
478 2312 551 2352 cum
586 2289 741 2366 exercitu,
767 2295 801 2354 et
833 2288 1019 2375 fugientem
1045 2296 1234 2375 prosecutus
1256 2295 1398 2354 castrum

350 2392 513 2475 quoddam
545 2393 667 2455 intrare
695 2392 862 2477 compulit.
909 2392 980 2458 Ubi
1015 2392 1094 2456 dum
1128 2414 1187 2456 rex
1219 2414 1294 2457 oum
1332 2392 1400 2456 suis

350 2493 553 2579 obstreperet
576 2495 616 2556 de
639 2494 717 2557 foris
750 2494 874 2579 sagitta
906 2494 941 2557 in
974 2493 1056 2580 pede
1079 2516 1121 2557 ex
1145 2494 1325 2579 improviso
1349 2500 1400 2559 est

348 2618 524 2681 percussus.
572 2594 719 2681 Cumque
743 2596 936 2682 sanguinem
970 2596 1112 2660 defluere
1144 2601 1301 2672 cerneret,
1334 2602 1400 2659 ter-

349 2698 491 2762 ribiliter
518 2698 717 2784 imprecatus
755 2705 805 2762 est
844 2719 885 2761 ne
923 2719 1069 2783 unquam
1110 2697 1274 2762 Robertus
1311 2697 1400 2761 filius

351 2823 428 2863 suus
443 2800 648 2865 haereditatis
664 2823 731 2865 sure
750 2800 829 2884 jura
852 2801 1042 2887 perciperet.
1099 2800 1182 2879 Quae
1205 2799 1399 2885 imprecatio

352 2909 511 2986 quantum
549 2903 655 2966 valuit
693 2906 841 2988 tempora
879 2903 1051 2987 sequentia
1088 2903 1169 2966 satis
1209 2902 1399 2967 ostendunt.

353 3005 471 3068 Fertur
494 3009 605 3069 autern
635 3005 723 3089 quod
748 3005 827 3068 dum
858 3006 999 3070 eundem
1022 3005 1129 3069 filium
1153 3026 1246 3067 suum
1276 3027 1401 3091 oppug-

351 3113 453 3185 naret,
469 3108 564 3171 ralde
581 3108 742 3193 fatigatus
757 3113 792 3172 et
808 3108 927 3172 sudore
950 3108 1101 3194 perfusus
1124 3113 1240 3193 potum
1256 3106 1399 3193 petierit,

351 3234 535 3296 aquamque
568 3211 722 3297 frigidam
758 3211 822 3275 sibi
856 3211 1004 3276 oblatam
1035 3209 1166 3286 bibens,
1192 3210 1294 3274 simul
1323 3233 1395 3275 cum

350 3314 468 3398 frigore
491 3320 639 3390 mortem,
663 3337 721 3399 pro
744 3315 805 3378 hoc
828 3315 942 3378 dolor!
967 3314 1067 3378 nimis
1090 3315 1155 3378 cito
1179 3313 1353 3398 potaverit.

396 3418 493 3479 Anno
517 3417 558 3480 ab
581 3418 810 3481 lnerrnatione
828 3417 963 3481 Domini
980 3415 1496 3493 uorxxxv110,1ndietioneneath
1507 3422 1539 3472 of

351 3542 390 3598 x.‚
414 3521 609 3606 Apostolicae
634 3520 710 3585 Sedi
737 3519 928 3606 praesidente
952 3520 1042 3606 Papa
1065 3520 1212 3598 Urbane,
1239 3519 1402 3583 adventus
1414 3488 1534 3618 affirm

352 3646 428 3687 roro
456 3624 723 3686 Normaunorum
761 3623 796 3686 in
829 3623 984 3708 Angliam
1017 3645 1104 3687 anno
1143 3621 1272 3687 circiter
1303 3621 1568 3698 xxii⁰,A·D·108⁷·

354 3725 536 3790 Willelmus
559 3749 616 3790 rex
642 3724 949 3811 Nom-Anglorum
978 3726 1102 3812 primus
1124 3725 1214 3789 viam
1237 3724 1400 3790 universae

353 3829 458 3891 carnis
498 3828 692 3913 ingrediens
735 3828 823 3913 apud
868 3828 1112 3913 Rothomagum
1152 3827 1224 3891 vita
1254 3826 1399 3903 decessit,

351 3931 443 4012 cujus
470 3952 584 4015 corpus
615 3952 688 3993 oum
720 3929 834 3993 debita
864 3929 1050 4015 principum
1081 3951 1200 4015 pompa
1217 3927 1400 3994 Cadomum

352 4039 401 4095 ost
428 4033 582 4110 delatum,
600 4040 699 4115 atque
727 4033 762 4094 in
793 4031 927 4095 ecclesia
958 4031 1048 4096 beati
1087 4029 1248 4115 Stephani
1290 4036 1401 4116 proto-

352 4136 514 4218 martyris,
561 4156 659 4218 quam
697 4157 717 4196 a
747 4133 973 4197 fundamentis
1011 4138 1249 4208 construxerat,
1288 4132 1400 4197 debito
1414 4145 1456 4194 fol.
1469 4150 1493 4193 o.

353 4236 472 4319 honore
495 4237 668 4320 sepultum.
717 4236 756 4298 ln
773 4236 839 4298 suis
863 4234 1010 4318 exequiis
1026 4233 1184 4320 quiddam
1206 4232 1400 4298 admirabile

353 4322 561 4419 ‹lictdaceidit
592 4339 793 4424 dignumque
824 4337 939 4410 relatu,
972 4335 1058 4420 quod
1089 4335 1173 4399 bene
1219 4336 1399 4400 considera·

296 4459 299 4465 '
353 4453 423 4510 tum
441 4424 534 4509 ¹¹satis
565 4445 711 4509 ostendit
742 4449 868 4529 quanta
898 4466 949 4506 res
981 4442 1125 4505 humana
1155 4442 1307 4506 involvat
1337 4441 1400 4505 for-

353 4550 450 4623 tuitu,
482 4554 707 4631 quantumque
738 4547 782 4610 sit
822 4545 1011 4630 temporalis
1038 4544 1304 4630 parvipendenda
1344 4566 1400 4630 po-

355 4652 468 4728 tentia,
502 4651 579 4713 dum
610 4651 668 4712 ubi
699 4648 837 4712 virtutis
868 4653 1037 4731 tantaeque
1061 4647 1236 4732 dignitatis
1259 4646 1399 4710 liberum

354 4777 419 4817 non
465 4754 584 4817 meruit
626 4752 744 4815 habere
785 4749 963 4835 sepulturae
994 4750 1127 4829 locum;
1167 4749 1288 4812 etenim
1320 4748 1399 4812 dum

352 4857 498 4941 exequiis
524 4856 608 4940 rogis
637 4854 685 4917 sui
719 4853 880 4938 principes
911 4852 1213 4938 Norm·Angloru1n
1251 4850 1399 4915 luctuoso

352 4960 470 5022 affectu
499 4962 654 5028 astarent,
673 4955 813 5019 occurrit
836 4954 971 5039 quidam
994 4955 1129 5038 juvenis
1152 4953 1233 5016 satis
1257 4953 1399 5029 infimus,

354 5085 431 5126 voco
461 5062 549 5124 clara
579 5059 782 5145 proclamans
821 5057 944 5140 injuste
984 5057 1054 5142 regi
1097 5056 1132 5118 in
1175 5054 1287 5119 eodem
1331 5056 1400 5122 loco
