3817 6450
751 1237 851 1285 LIBER
873 1236 920 1285 Du
943 1235 1050 1286 HYDaet
1394 1223 1412 1282 5

370 1441 428 1506 per
454 1420 676 1502 vincentium,
701 1422 736 1486 in
759 1428 879 1508 quarta
910 1426 1005 1508 parte
1026 1418 1166 1508 Speouti
1200 1416 1411 1485 Historiotia
1428 1433 1563 1499 compara-

370 1522 415 1588 Et
438 1524 484 1589 sic
506 1546 642 1612 regnum
665 1524 796 1612 Angh'ae
811 1531 861 1591 est
874 1524 1044 1611 antiquius
1064 1545 1165 1612 regno
1188 1522 1335 1588 Franciae
1357 1544 1415 1609 por
1426 1502 1559 1634 3313&
1636 1608 1642 1619 ,

369 1625 459 1691 mille
480 1649 585 1693 annos
605 1634 641 1694 et
664 1628 769 1693 multo
784 1628 934 1715 ampliua,
958 1626 1037 1713 quia
1063 1627 1313 1692 Marcomannos
1343 1624 1412 1689 dux
1425 1635 1580 1702 theungliah

369 1728 433 1794 fuit
454 1731 579 1816 primus
608 1753 669 1797 rex
691 1731 848 1809 Francia,
872 1732 958 1796 circa
991 1751 1113 1795 annum
1144 1729 1279 1794 Domini
1309 1699 1580 1819 quad-ffifoeh

370 1831 649 1920 ringentesimum,
664 1831 724 1899 ut¹
748 1834 889 1899 habetur
911 1854 970 1921 per
993 1832 1212 1911 vincentium,
1236 1831 1273 1896 in
1295 1835 1413 1918 quarta
1426 1836 1502 1887 chies·

369 1945 463 2020 purte
492 1935 634 2023 Specuti
657 1935 886 2003 Historiam?
940 1935 987 2001 Et
1017 1936 1064 2002 sic
1098 1936 1288 2001 inconcussa
1318 1933 1414 2000 stetit

201 2063 338 2115 Alsenos
369 2039 457 2126 apud
479 2039 631 2106 Britonea
654 2039 771 2106 insulae
786 2037 983 2117 monarchia,
1000 2060 1020 2103 a
1036 2039 1140 2126 primo
1156 2038 1278 2103 scilicet
1300 2037 1414 2114 Bruto,

201 2131 334 2197 B‘Wsty·
369 2162 472 2227 usque
500 2142 543 2208 ad
574 2143 703 2210 Julium
739 2142 909 2210 Caesarern.
956 2142 987 2207 A
1019 2163 1084 2228 quo
1106 2142 1129 2208 J
1131 2141 1207 2218 ulio,
1237 2163 1340 2227 usque
1369 2140 1412 2206 ad

200 2200 334 2328 t'yiiw
368 2242 522 2311 Severum
554 2245 792 2338 imperatorem,
814 2246 885 2311 haec
914 2244 1025 2310 insula
1054 2244 1212 2310 Romanis
1244 2243 1310 2309 fuit
1341 2266 1414 2309 vec-

200 2331 340 2462 fflfinffl
368 2346 478 2434 tigulia
511 2354 545 2415 et
577 2349 721 2429 subacta,
751 2348 843 2438 reges
875 2354 987 2414 tamen
1019 2347 1137 2414 habuit
1159 2370 1201 2413 ex
1223 2347 1335 2434 seipsa
1381 2348 1413 2412 A

200 2465 298 2516 arunt
368 2450 488 2517 Severo
511 2473 597 2530 vero,
619 2473 723 2538 usque
745 2453 787 2517 ad
810 2451 966 2518 ultimum
990 2452 1187 2539 municipem
1204 2450 1411 2533 Gratianum,

200 2534 294 2648 ff)
368 2553 538 2621 deficiente
568 2555 744 2621 Britonnm
774 2556 984 2632 successione,
1007 2554 1149 2620 Romani
1179 2554 1215 2618 in
1238 2576 1277 2619 ea
1298 2577 1412 2640 regna-

202 2664 315 2745 winton.
368 2663 495 2724 verunt.
541 2658 698 2724 Romanis
712 2658 855 2735 tandem,
872 2662 1007 2745 propter
1020 2657 1148 2723 itineris
1162 2656 1411 2744 longitudinem,

201 2731 302 2851 {¹0}ssss
313 2739 352 2795 ⁵¹*
367 2783 426 2826 seu
447 2766 581 2848 propter
602 2758 831 2826 inevitabiles³
861 2760 994 2826 aliunde
1017 2759 1252 2848 occupationes,
1276 2783 1412 2849 regnare

368 2862 610 2944 desistentibus,
642 2864 732 2930 Scoti
755 2869 790 2929 et
813 2863 898 2929 Picti
925 2863 1141 2942 Britanniam,
1165 2865 1255 2928 omni
1285 2870 1413 2930 armato
1427 2873 1500 2951 Secu
1510 2874 1561 2926 and

368 2965 473 3032 milite
495 2988 553 3053 per
567 2965 798 3045 abductionem
823 2966 963 3031 Maximi
986 2966 1121 3053 tyranni
1141 2972 1324 3045 vacuatam
1340 2968 1413 3033 din·
1425 2940 1503 2991 pm,

369 3069 436 3135 tius
457 3068 657 3148 afflixerunt,
672 3090 841 3156 quousque
864 3068 1012 3135 Saxones
1026 3090 1047 3134 a
1063 3068 1256 3135 Britonibus
1278 3071 1413 3136 invitati

368 3177 482 3239 contra
515 3173 632 3254 Pictos,
663 3195 770 3260 regem
812 3170 1029 3238 Hibernicum
1065 3172 1305 3252 Gurmundum,
1340 3196 1413 3240 cum

369 3275 469 3343 Pictis
489 3277 566 3355 suis,
590 3281 625 3343 et
647 3276 735 3364 ipsos
759 3277 912 3342 Britones
935 3298 1008 3341 cum
1025 3275 1179 3341 Karetico'
1194 3297 1270 3363 rege
1285 3298 1353 3353 suo,
1374 3278 1414 3342 de

369 3378 512 3466 Loegria,
537 3402 611 3466 quae
641 3381 738 3445 modo
761 3379 884 3468 Anglia
914 3379 1045 3460 dicitur,
1068 3378 1229 3465 expulsos,
1252 3401 1355 3465 usque
1379 3379 1414 3444 in

368 3481 555 3549 Cambriam
578 3483 826 3570 profugassent3
848 3484 957 3569 sicque
979 3482 1126 3548 Saxones
1141 3483 1283 3548 victores
1297 3483 1414 3561 effecti,

367 3591 465 3671 prout
494 3608 634 3673 quaeque
656 3585 826 3675 provincia
855 3585 1023 3674 potentior
1046 3591 1126 3662 erat,
1149 3607 1241 3672 reges
1263 3585 1413 3674 proprios

367 3688 430 3754 sibi
451 3690 698 3768 constituentes,
721 3695 841 3755 terram
864 3689 998 3776 Angliae
1020 3688 1056 3754 in
1079 3694 1204 3775 septem
1228 3688 1569 3759 diviseruntu'ormation

368 3813 486 3878 regna;
521 3814 594 3878 quae
616 3796 729 3858 tamen
758 3792 967 3879 postmodum
997 3792 1197 3858 successione
1222 3791 1346 3878 pariter
1376 3798 1411 3858 et
1423 3774 1568 3908 ffeffgmhy

369 3894 605 3981 conquisitione
620 3895 657 3959 in
671 3917 770 3960 unam
787 3894 1010 3959 monarchiam
1024 3894 1180 3982 primitus
1195 3895 1257 3960 sub
1272 3895 1408 3961 nobilis·
1423 3910 1473 3957 anu
1484 3906 1518 3957 ia

369 3996 448 4063 simo
467 4019 505 4063 ac
519 3997 784 4064 victoriosissimo
806 3997 951 4084 principe
975 3997 1122 4086 Egberto
1145 4020 1182 4063 ao
1205 4019 1280 4086 rege
1303 3998 1410 4063 West
1424 3972 1538 4091 mm

369 4120 536 4178 saxonum,
558 4099 644 4165 avo⁴
665 4099 803 4178 Alfredi,
825 4099 1010 4165 fundatoris
1032 4101 1131 4188 hujus
1154 4100 1347 4167 monasterii
1370 4102 1411 4166 de
1423 4111 1503 4193 under

370 4201 478 4290 Hyde,
501 4202 580 4268 olim
602 4202 757 4290 appellati
780 4201 920 4269 Novom
942 4202 1202 4283 Mooaaaaam,
1218 4204 1372 4270 coierunt.
1423 4176 1526 4242 mm*

410 4305 497 4371 Dani
520 4311 643 4386 autem,
665 4328 686 4372 a
707 4306 873 4372 tricesimo
904 4306 1045 4372 secundo
1067 4327 1154 4371 anno
1177 4305 1316 4394 Egberti
1339 4307 1568 4371 rin-Inmemor

305 4445 308 4451 -
368 4411 492 4498 garum
507 4410 605 4498 primi
620 4408 796 4488 monaehi,
814 4409 971 4476 viauae
994 4410 1036 4475 ab
1058 4431 1145 4475 anno
1167 4410 1283 4496 gratia
1306 4387 1465 4477 aaa-¹¹¹0
1483 4388 1576 4440 ΒΜ

368 4513 547 4600 gentesimo
578 4512 742 4579 tricesimo
765 4513 916 4593 secund0,
940 4512 1108 4599 usquead
1132 4518 1281 4600 tempora
1303 4512 1407 4580 sancti
1421 4468 1569 4591 iiii&

369 4615 520 4683 Edwardi
544 4616 635 4682 tertii
650 4622 728 4682 aute
742 4620 966 4702 conquestum,
982 4619 1186 4715 peruentum
1201 4617 1410 4705 septuaginta

401 4846 626 4915 'MS.repeatsat.
913 4849 956 4900 the
972 4849 1072 4900 bench
1094 4850 1233 4915 monarchy
1256 4850 1319 4900 from
1343 4849 1411 4899 Λ.Ι).

399 4930 533 4989 ’vincent
559 4931 591 4980 of
614 4929 747 4990 Besarais,
775 4927 866 4995 Spaco-
912 4931 1032 4991 usuam
1043 4929 1129 4979 makes
1140 4936 1155 4958 “
1163 4927 1331 4980 Mareomirus
1342 4928 1357 4952 ''
1370 4929 1412 4979 the

368 5006 414 5057 Ian
435 5008 578 5071 Ηὶιωνὶιιὶι,
596 5008 657 5059 xvii.
679 5009 694 5073 §
713 5015 735 5059 4.
755 5009 866 5071 (Mente
910 5007 999 5058 second
1008 5009 1136 5059 monarch.

349 5088 423 5151 ,lin’s
431 5090 489 5140 edit.
499 5091 529 5141 oi
536 5092 654 5154 1473-6.)
688 5089 741 5139 But
751 5089 793 5139 the
804 5105 865 5155 quo·
943 5085 1182 5148 ’nummata

370 5169 638 5222 udonisinseenrate.
671 5168 864 5221 Vincentdates
943 5165 1104 5229 ‘usam
1115 5165 1225 5228 ulfredi,
1238 5168 1285 5217 &e
