3817 6450
729 1192 831 1240 arnna
854 1192 902 1239 nr
923 1191 1031 1239 urus.
1339 1177 1403 1238 215

349 1401 426 1443 vero
449 1376 567 1442 fallens
589 1375 748 1455 custodes,
765 1377 931 1441 demersus
954 1376 999 1440 ad
1020 1375 1086 1455 ilia,
1106 1376 1219 1441 stabat
1236 1376 1274 1439 in
1296 1397 1402 1455 amne,

349 1482 461 1546 laudes
499 1480 579 1557 De0,
613 1500 717 1564 usque
755 1478 799 1542 ad
831 1477 1021 1553 diluculum,
1056 1478 1193 1543 solvens
1251 1478 1402 1557 Demum,

350 1589 424 1668 poet
446 1582 566 1667 viginti
590 1583 672 1647 duos
694 1602 799 1646 annos
818 1582 854 1644 in
875 1580 1057 1667 praesulatu
1074 1581 1239 1646 Wentano
1261 1585 1403 1657 exactos,

349 1687 457 1751 eedem
474 1685 745 1749 Centuariensem
770 1684 899 1748 invitus
922 1684 1081 1747 ascendit.
1127 1683 1268 1747 Romam
1291 1688 1403 1749 tamen

350 1809 408 1872 pro
431 1787 530 1873 pallio
553 1787 701 1863 tendens,
717 1786 753 1849 in
776 1786 918 1871 quodam
941 1786 1052 1850 viculo
1075 1787 1173 1850 rebus
1196 1786 1264 1850 suis
1287 1785 1404 1871 spolia-

351 1895 413 1965 tur,
437 1889 493 1952 ubi
518 1889 606 1967 dum,
630 1888 702 1952 Deo
726 1888 926 1967 vindicante,
943 1887 1072 1952 viculus
1094 1886 1151 1951 illo
1173 1887 1312 1963 arderet,
1328 1909 1405 1952 con-

350 1990 475 2055 vicanei
498 1991 601 2055 scelus
623 2012 719 2054 suum
743 1994 981 2076 cognoscentes,
1003 1989 1135 2054 veniam
1157 1994 1284 2074 rogant,
1308 1995 1405 2075 rapta

350 2093 539 2169 restituunt,
556 2093 708 2180 precibus
732 2093 872 2179 Elphegi
896 2093 1007 2178 ignem
1031 2092 1218 2157 extinctum
1241 2098 1388 2158 cernunt

397 2319 469 2383 Hoc
491 2339 586 2396 anno,
610 2319 710 2384 tertio
733 2319 892 2384 kalendas
908 2318 1069 2397 Octobris,
1084 2319 1206 2384 fluctus
1230 2319 1401 2396 maximus,
1415 2335 1525 2386 munda

350 2421 437 2505 quod
453 2421 558 2485 Graeci
576 2421 731 2507 Euripum
748 2442 807 2485 nos
832 2420 1018 2486 Ledonem¹
1036 2442 1200 2500 vocamus,
1215 2420 1305 2485 ultra
1327 2421 1403 2486 soli-

349 2529 421 2587 tum
444 2524 493 2588 ita
515 2524 672 2604 excrevit,
697 2527 736 2587 ut
760 2523 856 2589 villas
879 2529 914 2588 et
936 2524 1087 2589 homines
1109 2523 1342 2611 submergeret.

1415 2402 1477 2461 lion,

1415 2470 1571 2523 A.D.1014?

396 2723 464 2789 Iste
487 2724 710 2790 Etheldredus
733 2746 844 2790 omnes
867 2723 982 2789 Dauos
1004 2725 1041 2788 in
1063 2723 1187 2810 Anglia
1202 2744 1575 2804 commoran-Mffimof

350 2831 400 2890 tce
423 2826 524 2892 occidi
547 2827 707 2914 praecipit,
731 2849 805 2912 quae
836 2832 908 2891 erat
930 2847 1027 2891 causa
1057 2849 1158 2912 quare
1188 2826 1294 2891 multa
1316 2819 1564 2938 malaffffillffi

350 2930 386 2991 in
407 2950 546 3014 regnum
570 2929 703 3016 Angliae
726 2934 917 2993 evenerunt.
966 2930 1054 2993 Nam
1078 2935 1211 3016 propter
1226 2929 1402 2995 crudelita·
1443 2924 1448 2935 '
1477 2924 1483 2937 ’
1564 2926 1570 2939 ’

350 3037 417 3095 tem
448 3032 484 3095 in
516 3032 605 3096 cives
636 3054 711 3096 suos
745 3036 916 3110 ostensam,
953 3032 1102 3111 Swanus,
1135 3054 1194 3097 rex
1229 3031 1404 3109 Dacorum,

348 3134 626 3218 circumnavigata
655 3134 835 3220 Estanglia,
858 3155 932 3198 cum
956 3134 1056 3198 classe
1079 3155 1139 3198 sua
1161 3134 1312 3198 Humbre
1341 3134 1404 3198 flu-

350 3258 425 3300 men
447 3237 596 3313 intravit,
627 3241 662 3301 et
691 3259 750 3322 per
780 3238 937 3302 Trentam
968 3238 1092 3302 flumen
1123 3258 1226 3323 usque
1257 3236 1402 3322 Geynes·

349 3338 456 3424 burgh
479 3338 644 3424 processit,
668 3340 721 3403 cui
753 3339 870 3404 incolae
903 3340 959 3424 qui
982 3339 1025 3403 ad
1054 3337 1186 3403 boream
1211 3338 1406 3424 Watlynge-

350 3447 450 3505 etrete
474 3439 637 3517 habitant,
662 3440 830 3505 obsidibus
854 3442 949 3518 datis,
974 3441 1168 3506 fidelitatem
1195 3439 1402 3525 juraverunt.

349 3542 411 3608 Ille
433 3548 545 3606 autern
568 3542 701 3607 classem
724 3564 825 3618 suam,
850 3543 1013 3608 cumillis
1043 3543 1221 3621 obsidibus,
1245 3543 1314 3607 filio
1345 3564 1403 3609 suo

350 3643 479 3710 Oanuto
502 3645 753 3722 commendavit,
777 3645 855 3709 dum
879 3645 950 3731 ipse
973 3646 1147 3711 Australes
1171 3645 1308 3710 Mercios
1331 3668 1403 3710 vas-

350 3751 447 3825 taret,
472 3768 578 3811 mares
602 3747 759 3825 occidens,
784 3752 818 3811 et
841 3746 994 3812 foeminas
1017 3770 1085 3813 suae
1107 3769 1306 3834 suorumque
1328 3748 1404 3814 libi·

350 3848 420 3912 dini
451 3871 627 3913 reservans.
684 3849 767 3914 Inde
798 3849 963 3914 Oxoniam
993 3855 1028 3914 et
1057 3849 1275 3937 Wyntoniam
1306 3851 1402 3936 cepit,

350 3952 406 4015 scd
445 3973 560 4015 versus
599 3951 807 4016 Londoniam
845 3950 994 4028 tendens,
1032 3953 1113 4016 dum
1154 3957 1288 4038 pontem
1326 3975 1402 4017 vere

349 4064 519 4143 quaereret,
542 4057 663 4122 multos
686 4059 727 4122 de
750 4057 818 4122 suis
841 4056 877 4120 in
907 4057 1045 4123 flumine
1075 4058 1251 4123 Themisizu
1281 4058 1401 4125 amisit.

350 4160 399 4224 De
424 4159 597 4224 Londonia
620 4165 732 4225 tamen
762 4181 821 4245 per
851 4159 936 4246 regis
968 4159 1162 4225 Etheldredi
1192 4161 1400 4246 praesentiam

349 4262 470 4346 pulsus,
493 4261 759 4325 Westsaxoniam
790 4262 991 4348 subjugavit,
1016 4262 1105 4348 quod
1134 4262 1285 4327 videntes
1316 4262 1401 4327 Lon-

350 4365 520 4429 donienses
543 4365 705 4428 miserunt
727 4364 778 4428 illi
801 4365 938 4430 obsides

393 4466 478 4530 Inde
515 4471 753 4544 consternatus,
784 4488 843 4530 rex
875 4467 1096 4532 Etheldredus
1132 4488 1269 4532 uxorem
1307 4487 1399 4530 suam
1411 4485 1531 4537 Euuoeu

349 4568 508 4645 Emmam,
532 4591 605 4633 cum
630 4569 757 4633 duobus
788 4568 864 4633 filiis
894 4570 969 4647 suis,
994 4568 1130 4633 Alfr·cdo
1160 4576 1195 4633 et
1225 4567 1389 4633 Edwardo
1412 4553 1538 4603 anechin

1390 4619 1399 4647 ,
1467 4620 1472 4630 .
1516 4619 1521 4630 .

349 4693 509 4734 unacum
536 4671 757 4735 Londonieusi
781 4672 929 4757 episcopo
952 4672 995 4735 ad
1013 4672 1189 4736 Ricardum
1212 4619 1569 4750 seeundumiiiiilsiiss

380 4925 386 4954 ¹
401 4922 534 4986 Ledoscm]
550 4923 606 4972 MS.
620 4925 692 4972 reads
701 4922 851 4971 Londoncm,
897 4922 948 4972 lodo
961 4932 986 4972 lo
998 4923 1041 4973 the
1054 4924 1143 4987 spring
1160 4923 1212 4971 tide
1229 4921 1327 4970 instead
1338 4922 1369 4970 ol
1376 4928 1402 4971 to

349 5004 402 5052 'l'he
421 5003 570 5050 ‹tironii-les
593 5003 615 5050 is
638 5003 694 5050 herc
716 5003 849 5063 aluidging
896 5002 1021 5065 tlrcnuup.
1056 5000 1259 5066 (llamyucuit,
1275 5000 1290 5048 i.
1303 5003 1373 5063 297).

349 5082 527 5145 llulmcsbury,
541 5081 597 5129 ulio
617 5082 711 5144 spplies
730 5083 772 5129 tho
784 5089 847 5130 lcrrn
