3817 6450
782 1182 965 1231 srrnunm.
1335 1169 1399 1231 ‘293

348 1370 409 1435 bus
444 1372 560 1436 insula
593 1394 701 1436 meuse
726 1373 922 1457 Septembri,
948 1379 987 1437 ut
1010 1377 1187 1457 occupatus
1220 1372 1281 1436 hoc
1312 1370 1529 1436 ὃοΠοῙῑΝῑῡῑῡ11

347 1497 406 1537 rex
433 1474 597 1537 Haroldus
628 1480 728 1559 atque
751 1474 920 1561 fatigatus,
944 1475 1146 1539 Normannis
1169 1496 1279 1538 mense
1303 1472 1398 1538 Octo·
1411 1438 1542 1555 idofflmim

349 1577 399 1640 bri
437 1578 471 1640 iu
495 1576 694 1640 australibus
717 1578 847 1662 Angliae
871 1579 1020 1663 partibus
1043 1578 1183 1642 liberum
1205 1576 1399 1663 applicandi,

349 1685 535 1764 terramque
574 1680 781 1764 ingrediendi
820 1682 981 1765 praeberet
1029 1680 1189 1744 effectum.
1251 1678 1399 1742 Haroldo

349 1782 458 1866 itaque
473 1783 561 1867 apud
577 1782 762 1845 Eboracum
785 1783 976 1858 constitute,
992 1789 1026 1847 et
1048 1789 1123 1869 post
1145 1782 1287 1846 multum
1310 1780 1399 1844 labo·
1410 1786 1455 1836 fol·
1468 1789 1491 1836 ⁷·

350 1907 417 1947 rem
443 1884 738 1968 detestandumque
761 1884 989 1962 fratricidium,
1023 1885 1187 1948 modicum
1208 1884 1398 1973 respirante,

348 1987 433 2049 sarua
457 1984 724 2049 Normannorum
747 1986 890 2062 advolat,
916 2009 990 2071 quae
1012 1986 1154 2050 navibus
1176 2008 1230 2050 eos
1254 2006 1399 2071 egressos

350 2096 534 2173 terramque
560 2090 744 2175 Auglorum
779 2090 968 2174 [invasisse]
1000 2090 1188 2174 proclamat.
1239 2088 1319 2152 Mox
1350 2087 1400 2151 ira

348 2195 501 2258 efferatus
536 2218 699 2280 moreque
722 2196 907 2281 impatiens
933 2195 1096 2260 derelictis
1119 2196 1166 2259 ibi
1196 2194 1399 2281 principibus

346 2299 421 2372 suis,
445 2320 572 2361 summa
595 2320 667 2361 cum
692 2299 867 2362 velocitate
885 2298 1091 2362 Londoniam
1107 2296 1253 2376 advenit,
1269 2296 1397 2360 habito-

348 2421 410 2482 que
433 2398 497 2462 sibi
534 2400 668 2463 consilio
702 2412 736 2463 et
770 2400 890 2485 populo
923 2401 1071 2483 undique
1103 2403 1291 2470 convocato,
1323 2420 1398 2462 curn

349 2501 459 2564 valida
491 2524 591 2564 manu
616 2502 825 2578 Normannis‚
844 2503 879 2564 in
904 2502 973 2566 loco
997 2503 1054 2566 ubi
1078 2523 1167 2566 nunc
1189 2500 1326 2565 abbatia
1348 2506 1399 2565 est

349 2628 422 2688 quar
447 2606 574 2668 Bellum
599 2606 728 2683 dicitur,
762 2606 803 2669 ab
840 2612 963 2671 eventu
986 2605 1089 2691 ipsius
1124 2604 1213 2683 belli,
1247 2604 1397 2669 occurrit.

350 2707 466 2769 Fertur
489 2707 587 2770 etiam
612 2707 701 2791 quod
725 2708 759 2769 in
782 2708 854 2792 ipso
877 2708 1005 2785 itinere,
1023 2707 1191 2772 eeclesiam
1214 2707 1271 2769 illo
1295 2707 1397 2771 intro-

349 2822 447 2879 cunte
471 2816 585 2879 orandi
607 2815 723 2901 gratia,
740 2817 842 2880 turris
864 2816 1009 2901 ejusdem
1034 2821 1109 2901 post
1131 2819 1306 2879 exeuntem
1331 2815 1398 2878 solo

351 2930 446 2986 tenus
485 2924 618 2999 corruit,
656 2944 858 3008 regnumque
904 2924 1088 3008 Anglorum
1148 2944 1247 3007 quarn
1300 2920 1399 2986 citius

350 3048 495 3089 corruere
514 3025 742 3110 designaverit
791 3025 906 3089 Comes
922 3024 1027 3110 igitur
1041 3023 1227 3087 Willelmus
1242 3023 1399 3087 advenire

350 3150 424 3189 eum
447 3150 521 3190 cum
546 3129 672 3212 impetu
696 3127 841 3203 audiens
866 3126 1134 3190 Normannorum
1158 3125 1287 3189 animos
1310 3147 1399 3189 nunc

350 3230 505 3314 precibus,
529 3252 616 3292 nune
640 3230 805 3314 exemplis,
829 3251 916 3294 nunc
950 3229 1124 3314 promissis,
1148 3228 1255 3313 erigit,
1288 3231 1323 3292 et
1356 3249 1398 3291 ne

351 3332 417 3395 ulla
440 3355 539 3395 causa
561 3331 708 3417 fugiendi
732 3336 791 3394 aut
814 3354 887 3416 spes
910 3330 1071 3394 evadendi
1095 3334 1274 3405 remaneat,
1297 3351 1399 3393 naves

349 3434 384 3496 iu
408 3435 477 3519 ipso
501 3434 597 3497 litore
634 3434 833 3497 comminuit.
913 3433 1039 3496 Dehinc
1074 3432 1208 3496 nuntios
1250 3431 1398 3496 Haroldo

351 3536 464 3612 mittit,
490 3557 586 3599 orans
625 3543 663 3598 ut
709 3534 826 3597 saltem
866 3534 990 3598 divinae
1028 3538 1177 3618 respectu
1215 3532 1398 3617 majestatis

351 3638 447 3701 tidem
471 3659 570 3721 quam
599 3637 728 3720 juravit
762 3642 942 3714 conservet,
967 3636 1129 3721 sciretque
1164 3658 1197 3699 se
1234 3635 1398 3699 Norman-

349 3763 407 3803 nos
439 3741 561 3824 injuste
586 3739 670 3802 bello
694 3751 857 3825 appetere,
881 3739 1003 3825 quippe
1027 3738 1100 3803 illos
1123 3738 1266 3823 justitia,
1290 3738 1397 3823 ipsum

351 3851 461 3906 autem
488 3842 653 3925 injustitia
677 3842 862 3907 comitatur.
902 3842 1108 3906 Contradicit
1124 3841 1292 3904 Haroldus
1307 3841 1398 3905 nullo

351 3945 446 4007 modo
468 3944 552 4007 velle
585 3966 659 4006 cum
694 3966 731 4007 eo
767 3944 968 4007 consortium
996 3943 1124 4021 habere,
1159 3943 1215 4006 sed
1239 3964 1316 4007 mox
1339 3949 1398 4008 aut

350 4054 464 4131 sponte
490 4045 611 4129 Anglia
634 4045 798 4108 discedere
822 4050 881 4108 aut
903 4045 990 4109 bello
1013 4044 1157 4109 interire.

394 4153 501 4237 Igitur
547 4151 625 4213 dato
666 4150 852 4214 Willelmus
894 4151 1055 4216 exercitui
1095 4151 1190 4236 signo
1230 4150 1271 4215 de
1312 4149 1537 4288 bellom

349 4258 517 4322 subeundo
546 4278 658 4319 omues
686 4257 807 4344 armari
832 4262 866 4321 et
893 4279 950 4342 per
978 4257 1109 4321 ordines
1125 4257 1271 4321 ordinari
1289 4255 1395 4341 jubet,
1409 4291 1466 4343 Oct.
1480 4296 1518 4352 1⁴,

351 4363 516 4426 Haroldus
549 4384 677 4446 quoque
708 4363 888 4427 exercitum
920 4384 1016 4426 suum
1048 4385 1134 4427 nunc
1170 4362 1277 4440 vultu,
1309 4384 1397 4426 nunc
1412 4363 1482 4409 ¹⁰⁶⁶·

351 4488 436 4540 uice,
469 4489 554 4529 nunc
578 4465 685 4551 patria
716 4465 864 4528 oratioue
895 4464 1054 4528 hortatur.
1100 4464 1155 4528 Ad
1186 4486 1283 4548 quern
1310 4485 1397 4528 aoce-

351 4565 430 4628 dens
462 4568 562 4631 frater
597 4568 676 4651 ejus,
701 4567 835 4630 nomine
872 4566 969 4643 Gerd,
996 4573 1030 4630 et
1061 4565 1171 4629 animo
1201 4570 1236 4629 et
1266 4586 1398 4650 corpore

351 4676 512 4746 strenuus,
556 4671 629 4733 ait:
679 4678 695 4700 “
710 4669 826 4730 Frater
868 4669 1042 4743 carissime,
1073 4667 1204 4731 obsecro
1246 4672 1285 4729 ut
1322 4667 1399 4751 quia

353 4779 368 4802 “
394 4772 543 4835 meritam
585 4793 715 4833 causam
755 4792 828 4834 cum
868 4769 1070 4833 Normannis
1112 4768 1220 4845 habes
1255 4768 1399 4833 consiliis

351 4880 369 4904 “
394 4874 474 4934 meis
498 4874 681 4959 acquiescas
707 4877 740 4934 et
764 4871 849 4935 bello
871 4872 963 4956 justo
988 4871 1141 4946 discedas
1165 4874 1263 4953 atque
1287 4890 1399 4935 ornnes

353 4983 368 5006 “
393 4976 522 5058 angliae
549 4983 656 5059 partes
682 4995 879 5059 percurrens,
904 4972 1072 5035 inlinitum
1095 4976 1130 5036 et
1145 4969 1398 5055 insuperabilem

352 5086 369 5107 “
394 5098 569 5161 congreges
604 5076 791 5140 exercitum.
839 5074 910 5159 Ego
933 5084 1054 5152 autem,
1070 5073 1148 5158 quia
1171 5071 1294 5137 nullam
1325 5095 1399 5140 cum
