3817 6450
770 1201 872 1249 arnan
895 1201 941 1248 nn
965 1198 1068 1247 urna.
1374 1181 1436 1243 109

526 1374 670 1450 ducibus,
699 1372 815 1460 patriae
838 1372 1113 1459 procuratoribus,
1138 1371 1227 1459 regia
1252 1371 1438 1458 dapsilitate
1462 1380 1530 1433 al).
1544 1385 1600 1431 sar.

527 1477 704 1542 ovantibus
739 1476 919 1562 perscripta
952 1483 1009 1539 est.
1057 1475 1160 1560 Cujus
1195 1475 1296 1540 etiam
1328 1476 1438 1540 incon·
1453 1486 1498 1537 fol.
1512 1492 1575 1536 rso.

526 1602 626 1646 cussae
650 1580 818 1644 firmitatis
839 1579 1019 1644 auctoritas
1042 1579 1094 1642 his
1118 1579 1261 1643 testibus
1284 1578 1613 1642 roborataehartersor

526 1689 662 1759 constat,
678 1704 818 1768 quorum
843 1682 978 1746 uomina
995 1682 1118 1746 'subtus
1141 1682 1365 1746 caracteribus
1390 1682 1444 1746 de·
1455 1648 1600 1770 ffiffi„

528 1787 615 1872 picta
637 1790 844 1850 annotantur
857 1810 911 1848 ;-
1078 1831 1080 1838 .
1461 1782 1603 1833 continued.

618 1944 655 2020 4
679 1931 750 2017 Ego
767 1929 960 2009 Edwardus,
978 1929 1153 2017 singularis
1169 1929 1333 2016 privilegii
1360 1930 1448 1996 hier-

706 2034 817 2098 archia
851 2033 1028 2118 praedictus
1062 2055 1130 2112 rex,
1167 2034 1264 2117 hujus
1306 2033 1446 2099 indiculi

708 2136 917 2211 soliditatem,
940 2158 1014 2201 curn
1040 2137 1134 2223 signo
1160 2142 1282 2201 sanotae
1306 2158 1445 2223 semper-

709 2262 770 2324 que
794 2239 942 2302 amandae
966 2240 1075 2315 crucis,
1093 2239 1300 2304 corroboravi
1322 2246 1355 2304 et
1370 2240 1445 2304 sub·
1503 2248 1509 2262 '

711 2342 832 2428 scripsi.

623 2448 660 2524 4
684 2444 755 2530 Ego
780 2444 997 2530 Pulfhelmus,
1027 2445 1283 2510 Dorobernensis
1306 2447 1447 2511 ecclesiae

713 2547 982 2634 archiepiscopus„
1007 2549 1156 2612 consensi
1180 2558 1214 2613 et
1238 2548 1421 2635 subscripsi.

624 2655 662 2731 4
685 2650 755 2737 Ego
802 2650 1003 2736 Pulfstanus,
1049 2648 1263 2716 Eboraoensis
1307 2652 1450 2718 ecclesiae

712 2752 982 2839 archiepiscopus,
1008 2754 1155 2817 consensi
1179 2760 1212 2818 et
1236 2753 1420 2840 subscripsi.

629 2868 666 2944 4
690 2857 760 2943 Ego
799 2855 978 2940 Byrnscaa
1013 2855 1189 2941 episcopua,
1230 2857 1375 2920 consensi
1418 2862 1453 2923 et

714 2959 898 3044 subscripsi.

626 3070 663 3146 4
687 3063 757 3149 Ego
774 3062 854 3139 Oda,
868 3062 1046 3147 episcopus,
1060 3062 1206 3125 consensi
1223 3067 1257 3126 et
1269 3062 1452 3149 subscripsi.

624 3173 662 3250 4
686 3165 756 3253 Ego
795 3164 970 3244 Aelfheah‚
1010 3164 1190 3251 episcopus,
1230 3167 1379 3231 consensi
1418 3173 1452 3232 et

714 3269 897 3355 subscripsi.

627 3385 664 3461 4
689 3372 817 3449 Eadulf,
842 3372 1021 3458 episcopus,
1040 3373 1189 3436 consensi
1213 3378 1247 3436 et
1270 3372 1452 3460 subscripsi.

628 3487 666 3563 4
691 3476 761 3561 Ego
804 3475 986 3556 Arnefhih,
1018 3473 1195 3560 episcopua,
1235 3476 1382 3540 consensi
1420 3484 1455 3542 et

718 3578 902 3663 subscripsi.

629 3686 666 3762 4
690 3680 761 3765 Ego
784 3679 941 3757 I‘eodred,
959 3680 1136 3766 episcopus,
1153 3681 1300 3744 consensi
1324 3687 1358 3745 et
1379 3682 1454 3747 sub-

716 3805 839 3869 scrrpsr.

629 3897 667 3972 4
691 3887 762 3972 Ego
802 3885 981 3971 Pulfhelm,
1021 3889 1199 3975 episcopua,
1238 3890 1384 3954 consensi
1421 3897 1456 3956 et

718 3988 902 4075 subscripsi.

629 4105 667 4180 4
690 4093 762 4179 Ego
796 4094 922 4168 banau,
947 4093 1125 4178 episcopus,
1153 4097 1299 4159 consensi
1323 4101 1356 4160 et
1380 4096 1455 4159 sub·

719 4218 840 4282 scripsi.

629 4312 666 4387 4
691 4300 762 4384 Ego
805 4298 937 4379 Aelfric,
976 4299 1085 4376 abbas,
1125 4300 1273 4364 consensi
1312 4306 1345 4364 et
1383 4302 1458 4365 sub-

720 4403 840 4486 scripsi.

631 4513 668 4588 4
693 4504 764 4589 Ego
800 4503 952 4588 Eadpine,
986 4504 1098 4585 abbas,
1130 4507 1278 4569 consensi
1315 4511 1349 4570 et
1384 4509 1458 4572 sub-

719 4608 841 4692 scripsi.

633 4721 670 4796 4
695 4710 765 4794 Ego
797 4709 968 4798 Aepelnop,
1000 4710 1109 4787 abbas,
1142 4713 1289 4775 consensi
1319 4719 1354 4776 et
1383 4714 1459 4777 sub·

721 4834 841 4898 scrrpsr.
1005 4839 1007 4843 ⁴

634 4929 672 5004 4
697 4916 767 5000 Ego
790 4914 919 5000 Osfhip,
942 4915 1022 4989 dux,
1047 4916 1195 4979 consensi
1219 4921 1253 4979 et
1276 4916 1457 5002 subscripsi.
1511 4977 1515 4985 ,

637 5020 674 5095 4
699 5018 769 5103 Ego
786 5017 945 5101 Aelfpolrl,
963 5018 1040 5092 dux,
1058 5018 1205 5081 consensi
1225 5025 1258 5082 et
1274 5018 1457 5104 subscripsi

635 5119 673 5195 4
698 5121 768 5205 Ego
784 5120 953 5198 Aehlstan,
972 5122 1049 5197 dux,
1062 5121 1207 5186 consensi
1224 5127 1259 5184 et
1273 5120 1458 5208 subscripsi.
