3817 6450
678 1198 780 1246 amru
802 1197 848 1245 na
871 1198 978 1246 nunu
1287 1184 1350 1247 121

160 1380 280 1432 mardos
304 1370 473 1441 aliqualiter
491 1368 687 1433 dissimulans,
704 1368 858 1424 confitetur
876 1386 908 1423 se
927 1373 1012 1423 aetate
1031 1368 1167 1433 debilem,
1188 1367 1352 1439 sudoreque
1373 1382 1443 1435 Μ),
1458 1388 1519 1443 927,

161 1446 275 1498 (ΜΝ)-
303 1454 550 1525 peregrinationis
578 1454 687 1507 virtute
721 1453 833 1522 vigoris
868 1459 1011 1523 soporata,
1035 1452 1183 1507 desideria
1206 1452 1288 1523 regis
1319 1459 1349 1527 et
1364 1474 1499 1525 Thecom,

167 1511 275 1629 ffllffid
304 1554 459 1610 procerum
479 1538 598 1591 minime
616 1537 731 1607 explere
750 1536 904 1590 valentem.
943 1535 1072 1590 Tandem
1096 1537 1263 1607 principum
1286 1555 1351 1607 pre·
1363 1543 1406 1591 bat
1418 1542 1479 1591 with

171 1616 386 1711 (mvggcibus
406 1630 437 1676 et
455 1622 589 1693 lacrymis
607 1621 713 1685 vietus,
734 1621 843 1691 sperati
862 1621 964 1675 auxilii
982 1621 1127 1691 promittit
1143 1621 1286 1675 levamen.
1364 1608 1502 1701 βοῑδξθῦἆν

171 1708 196 1758 D.
205 1710 245 1760 lx.
340 1705 514 1775 Statutoque
540 1706 755 1776 congressionis
785 1704 842 1768 die,
870 1704 1009 1759 videlicet
1039 1711 1142 1775 quarto
1168 1703 1235 1759 idus
1263 1704 1348 1768 Julii,
1363 1676 1478 1791 {3933}ss

174 1774 255 1835 ¹⁰¹¹·st
305 1791 480 1845 conveniunt
504 1789 599 1852 ambo,
625 1789 710 1843 miles
733 1794 869 1843 strenuus
894 1794 924 1843 et
948 1789 1061 1843 inrisus
1086 1789 1136 1843 ille
1157 1788 1349 1853 (lolbrondus,
1392 1817 1396 1824 ·
1478 1778 1485 1792 ⁸

176 1846 238 1906 ”ll-l
306 1874 336 1928 in
358 1874 421 1928 loeo
447 1872 572 1943 quodam
595 1877 677 1927 extra
700 1872 871 1943 praediotem
892 1878 1016 1942 portam,
1037 1890 1102 1943 quoe
1120 1872 1207 1927 modo
1224 1873 1351 1942 Anglice

308 1956 361 2012 llas
378 1956 463 2028 Hyde
480 1956 562 2010 Mede
579 1962 710 2019 vocatur,
731 1955 782 2026 qui
800 1955 959 2011 vocabatur
982 1956 1152 2026 antiquitus,
1174 1962 1204 2011 et
1224 1957 1314 2010 etiam
1335 1974 1353 2010 u

307 2039 478 2111 quibusdam
504 2040 599 2094 adhuc
625 2039 798 2110 appellatur,
827 2039 1009 2093 Denmurcbe.
1054 2038 1110 2107 Qui
1136 2040 1206 2093 dum
1233 2047 1351 2095 mutuos

307 2141 387 2179 enses
406 2125 481 2178 alter
499 2124 530 2177 in
548 2124 673 2177 alterum
690 2123 849 2185 mitterent,
868 2123 1059 2193 prosiliebant
1077 2141 1112 2178 ex
1129 2124 1237 2179 ictibus
1255 2124 1350 2195 ignes,
1412 2120 1417 2132 '

307 2209 375 2263 acsi
388 2209 516 2263 tonitrua
533 2207 748 2263 coruscationes
764 2208 971 2278 procrearent.¹
1008 2207 1211 2280 Percussoque
1229 2209 1351 2279 gigante

308 2309 392 2363 super
410 2293 563 2347 sinistrum
587 2292 742 2345 humerum
767 2298 995 2362 erumpenteque
1014 2292 1166 2361 sanguinis
1187 2293 1279 2363 copia,
1300 2292 1351 2345 ille

307 2376 387 2431 malm
405 2376 603 2430 meditationis
621 2392 679 2428 non
697 2375 820 2444 ignarus
839 2376 899 2429 acri
919 2375 1073 2446 ignescens
1099 2376 1145 2430 ira
1169 2376 1201 2429 in
1225 2376 1351 2430 militem

307 2459 399 2524 irruit,
419 2460 625 2530 confractoque
653 2458 768 2513 comitis
795 2475 933 2512 mucrone
961 2459 1059 2529 ipsum
1075 2458 1174 2513 reddit
1197 2459 1348 2513 inerviem.

308 2541 452 2598 Gaudium
485 2560 626 2613 magnum
662 2541 764 2606 Danis,
802 2542 890 2596 timor
925 2542 1033 2596 nimius
1069 2541 1177 2612 Anglis
1213 2542 1349 2606 intonuit,

242 2619 246 2631 ⁴
309 2625 414 2698 Gwydo
432 2643 504 2681 vero
523 2626 593 2680 dum
611 2624 730 2697 aliquod
748 2642 841 2695 genus
860 2642 1008 2679 armorum
1027 2642 1045 2679 a
1063 2623 1228 2680 Colbrondo
1249 2625 1351 2695 cujus²

308 2712 433 2782 plurima
450 2715 533 2765 erant
550 2710 724 2780 requireret,
745 2709 797 2764 sed
814 2715 882 2763 voto
900 2726 953 2763 suo
974 2726 1031 2763 non
1049 2709 1176 2772 obtentu,
1197 2708 1266 2763 dum
1285 2708 1348 2763 diu·

307 2795 362 2850 tius
387 2795 466 2849 inter
489 2812 520 2849 se
550 2794 814 2849 sermocinarentur
838 2794 919 2848 ocius
944 2792 1070 2847 elabitur
1094 2799 1125 2848 et
1153 2792 1289 2848 celeriter
1313 2792 1349 2847 de

308 2880 394 2934 armis
412 2878 559 2951 giganteis
586 2877 731 2950 quandam
756 2877 863 2933 sicam’
887 2878 1023 2947 erripuit,
1045 2877 1211 2949 iterumque
1229 2895 1297 2932 cum
1316 2895 1350 2931 eo

308 2963 381 3019 lacta
398 2963 614 3034 congressione,
635 2980 701 3016 cum
718 2962 836 3033 proprio
849 2961 961 3032 Pegani
977 2961 1181 3025 instrumento,
1199 2962 1352 3017 sinistrum

308 3046 429 3102 abscidit
452 3047 619 3101 humerum.
657 3044 740 3113 Quod
765 3046 945 3115 perspiciens
971 3045 1147 3100 inhumanus
1171 3046 1232 3109 ille,
1254 3046 1351 3100 nitens

308 3132 433 3202 arripere
461 3130 592 3202 gladium
612 3148 629 3184 a
646 3136 725 3185 retro
747 3129 893 3199 jacentem
919 3136 986 3198 post
1010 3136 1129 3201 tergum
1155 3134 1240 3183 cum‘
1263 3147 1353 3183 menn

308 3214 431 3281 dextera,
461 3214 531 3269 dum
558 3232 590 3270 se
615 3213 778 3277 inclinaret,
809 3211 920 3281 Gwydo
950 3212 1047 3267 levata
1077 3212 1147 3276 sica,
1179 3218 1210 3266 et
1236 3212 1352 3266 fortiter

309 3298 395 3355 ictum
414 3300 551 3362 inferens,
573 3298 741 3369 gigantem⁵
761 3297 925 3371 amputavit
943 3302 1039 3366 caput.
1078 3295 1141 3364 Quo
1159 3297 1246 3359 secto,
1260 3295 1352 3351 Denis

308 3384 531 3456 repatriantibus
549 3382 673 3437 navibus
692 3381 826 3444 innectis,
840 3379 973 3435 conlusio
989 3379 1079 3433 nimia
1097 3378 1171 3451 ipsis
1189 3379 1352 3451 concipitur

308 3465 373 3522 dum
390 3469 472 3522 ferox
490 3467 581 3537 pugio
598 3465 771 3520 trucidatur.

339 3549 450 3622 Gwydo
474 3567 544 3605 vero
571 3548 694 3603 solemni
718 3547 902 3618 processione
928 3564 946 3601 a
970 3564 1052 3617 rege,
1083 3546 1163 3601 clero
1190 3552 1220 3601 et
1244 3547 1350 3619 populo
1364 3551 1482 3602 Oblation

309 3633 459 3689 honorilice
477 3639 612 3703 receptus
637 3631 675 3687 ad
692 3631 889 3686 cathedralem
907 3631 1061 3686 ecclesiam
1079 3631 1243 3703 Wyntoniae
1262 3631 1350 3687 dedu·
1363 3619 1415 3667 ⁰f'‘
1426 3619 1484 3670 ⁰0¹·

308 3717 389 3782 citur,
410 3718 461 3789 qui
479 3733 576 3772 coram
595 3732 709 3771 summo
727 3714 813 3770 altari
831 3716 1000 3785 praedictam
1019 3715 1110 3771 sicam
1129 3714 1191 3770 Deo
1209 3721 1239 3770 et
1256 3716 1350 3786 ipsius
1362 3686 1522 3811 gssfflssthe

307 3800 435 3856 ecclesia
456 3801 586 3871 patronis
605 3799 729 3865 obtulit;
756 3798 834 3869 quod
852 3799 1078 3855 instrumentum
1096 3817 1191 3870 usqua
1209 3800 1295 3855 hodie
1319 3802 1351 3854 in
1363 3819 1489 3868 cathem

307 3885 475 3939 revestiario
496 3884 629 3955 ejusdem
653 3883 806 3948 acclesiae,⁸
833 3883 888 3937 sub
906 3884 990 3938 firma
1014 3883 1148 3939 cusmdia
1171 3890 1348 3947 reservatur,
1363 3884 1475 3934 ofWiu·

307 3973 335 4022 et
351 3973 472 4023 vocatur
495 3968 531 4022 ab
549 3967 737 4037 Angligenis,
757 3971 891 4021 materna
913 3967 1018 4038 lingua
1037 3971 1056 3995 ‘⁴
1069 3967 1251 4023 Colbrondue’
1271 3967 1349 4031 uee,’'
1363 3950 1467 4001 chemel·

308 4067 396 4122 usque
414 4053 445 4106 in
463 4059 637 4122 presentem
655 4050 742 4105 diem.

339 4135 486 4190 Praeterea
510 4135 649 4206 depositis
675 4134 765 4189 armis
790 4134 979 4200 militaribus,
1001 4136 1151 4208 peregrini
1175 4136 1278 4191 habitu
1303 4154 1348 4190 re·
1362 4142 1519 4192 Athelstan’e

307 4226 430 4290 sumpto,
451 4219 592 4290 Gwydoni
611 4218 723 4273 insistit
739 4234 792 4271 rex
808 4218 1002 4274 Athelstanus
1021 4221 1195 4291 inquirendo
1217 4220 1289 4291 quid
1310 4221 1350 4274 sit
1361 4210 1508 4285 cqflsfflssoe

305 4303 367 4374 ejus
390 4321 506 4367 nomen,
526 4302 563 4357 ‘et
583 4302 666 4372 cujus
691 4302 864 4357 conditionis
887 4304 935 4356 vir
959 4309 1045 4359 esset.
1083 4305 1139 4358 Ille
1163 4322 1234 4360 vero
1256 4305 1348 4375 regiae
1361 4275 1477 4390 ”tlhsse

257 4429 260 4435 .
305 4387 436 4456 petitioni
455 4387 574 4441 minime
593 4386 654 4440 fore
674 4386 894 4441 satisfacturum
912 4388 1071 4457 respondit,
1094 4388 1147 4443 tali
1170 4406 1228 4442 non
1252 4388 1349 4442 obser·
1361 4356 1499 4458 iliturgi&

305 4476 371 4525 rata
395 4471 560 4526 conditione
586 4468 664 4541 quod
687 4476 769 4524 extra
792 4469 941 4524 civitatem
965 4471 1052 4542 longe
1077 4490 1095 4527 a
1112 4472 1279 4544 Wyntonia,
1306 4489 1349 4525 se·
1363 4489 1407 4538 sol,
1420 4490 1486 4540 leb.

305 4555 391 4610 motis
409 4555 502 4625 regiis
521 4554 674 4617 ministris,
697 4554 775 4608 inter
799 4571 901 4623 regem
926 4560 956 4608 et
983 4556 1119 4611 comitem
1143 4557 1351 4628 soliloquium⁷

305 4637 520 4702 admitteretur,
546 4645 576 4692 et
599 4637 673 4691 nulli
698 4637 804 4692 militis
829 4637 1027 4692 denudaretur
1053 4639 1219 4704 consilium,
1245 4647 1350 4694 extunc

338 4833 526 4897 ¹proereurent]
558 4832 623 4883 Con.
652 4832 708 4883 MS.
732 4834 805 4882 reads
883 4833 1035 4898 'pipantenj
1050 4832 1184 4883 Catulis.
1196 4834 1311 4898 piperatis.

303 4910 497 4974 mederentur.
883 4910 1348 4975 ‘cotaMsominejusdemecclesioe.

335 4989 739 5055 ²cttjirs](lottlllS.1·eerlseui.
886 4990 1068 5056 'soliloquium
1099 4990 1164 5041 coti.
1193 4989 1250 5041 MS.
1279 4993 1350 5042 reads

335 5069 345 5098 ³
363 5069 432 5120 eota
445 5068 500 5118 MS.
512 5069 587 5118 omits
597 5068 679 5119 sicam.
850 5068 911 5121 solos
922 5067 1033 5132 loquium

336 5149 345 5177 ⁸
359 5146 425 5200 Geta
438 5148 495 5199 MS.
508 5148 583 5197 omits
593 5163 653 5198 cunr.
