3817 6450
713 1166 816 1216 ursan
838 1166 885 1215 nr
908 1166 1014 1217 urna,
1345 1160 1387 1222 49
1459 1123 1463 1129 ⁴

332 1358 401 1417 tem
436 1351 542 1418 literis
575 1351 817 1418 informandam
849 1351 1042 1419 tradiderat
1101 1351 1276 1420 Neminem
1307 1377 1385 1423 vero
1398 1359 1466 1413 Am.
1480 1365 1551 1417 ⁸79?

332 1456 529 1521 illiteratum
563 1456 607 1521 ad
641 1476 870 1541 quamcunque
902 1455 1101 1541 dignitatem
1132 1457 1383 1525 ecclesiasticam

332 1560 506 1625 ascendere
528 1559 752 1646 permittebat
799 1559 845 1623 Et
867 1560 981 1623 eodem
1001 1580 1098 1638 anno,
1114 1558 1269 1627 videlicet
1291 1564 1384 1649 regni
1397 1572 1489 1624 alfred

332 1663 384 1727 sui
416 1668 519 1741 sextu,
554 1663 642 1728 idem
665 1684 724 1727 rex
744 1661 1000 1749 benignissimus
1033 1662 1189 1728 Alfredus
1219 1668 1385 1752 reparavit
1396 1655 1508 1758 {effi}

332 1765 448 1831 urbem
471 1765 650 1853 Septoniae,
673 1764 760 1883 quod
792 1769 843 1829 est
865 1764 1085 1845 Sohaltisbiri,
1121 1768 1209 1833 sicut
1240 1773 1384 1835 testatur
1395 1774 1468 1839 burr

332 1890 473 1956 magnus
496 1869 588 1957 lapis,
614 1869 670 1955 qui
702 1868 738 1932 in
760 1868 906 2009 capitulo
936 1869 1238 1935 sanctimonialium
1261 1871 1382 1937 ibidem
1395 1827 1524 1972 Ηὶῠξῃὴ
1495 1844 1542 1893 ⁷⁷²

332 1977 383 2036 est
397 1972 586 2059 insculptus.
622 1971 695 2052 Quo
710 1970 814 2036 anno¹
833 1993 920 2058 papa
930 1971 1106 2051 Martinus
1120 1973 1264 2038 scholam
1281 1973 1382 2040 Saxo·
1397 1921 1560 2040 colsetviith‘

331 2097 421 2151 num,
451 2098 544 2163 prece
574 2076 661 2163 regis
690 2074 828 2153 Alfredi,
855 2075 898 2139 ab
932 2075 1022 2139 omni
1055 2075 1182 2141 tributo
1213 2077 1383 2146 relaxavit,
1395 2054 1549 2173 ffiffipgffi,

333 2178 474 2265 Insuper
510 2183 545 2243 ct
582 2200 737 2265 magnam
762 2177 913 2264 [sanctae]
941 2178 1044 2243 crucis
1082 2179 1280 2265 particulam
1314 2182 1384 2270 regi

331 2281 467 2347 Aifrado
491 2282 679 2348 transmisit.

376 2387 475 2450 Anno
509 2406 588 2450 vero
619 2384 758 2472 septimo
790 2383 884 2471 regni
918 2384 978 2462 sui,
1011 2384 1100 2449 Daui
1132 2386 1171 2452 de
1203 2386 1311 2453 Gallia
1333 2410 1382 2455 re·
1394 2407 1520 2458 Renewed

331 2488 471 2554 deuntes
493 2488 691 2554 obsederunt
725 2487 841 2552 urbem
868 2486 1051 2565 Rofensem,
1075 2510 1113 2554 ac
1136 2511 1244 2555 arcem
1266 2473 1534 2592 contraipgffssiffl

331 2591 423 2656 urbis
454 2597 567 2679 portas
599 2596 865 2671 construxerunt,
899 2591 957 2657 sed
991 2591 1078 2657 cives
1121 2593 1239 2657 urbem
1270 2595 1381 2661 defen·
1393 2608 1486 2659 Dans.

332 2695 460 2773 derunt,
492 2716 659 2781 quousque
696 2717 756 2760 rex
791 2694 945 2759 Alfredus
988 2695 1233 2782 superveniens,
1276 2675 1506 2785 captisAWD
1455 2679 1510 2729 ’8
1513 2682 1547 2729 8·

331 2797 502 2862 Danorum
524 2797 625 2883 equis,
651 2819 706 2863 eos
735 2797 849 2882 fugere
880 2797 1097 2883 compelleret,
1118 2799 1206 2863 unde
1230 2804 1265 2864 et
1290 2800 1381 2866 Dani

333 2900 505 2966 Franciam
535 2902 749 2987 repetierunt,
774 2901 831 2965 sed
854 2905 888 2965 et
910 2921 970 2964 rex
993 2900 1130 2965 classem
1152 2924 1255 2981 suam,
1278 2902 1380 2969 bella·

332 3003 460 3070 toribus
482 3003 624 3090 plenam,
649 3025 670 3067 a
694 3002 817 3069 Cantia
839 3001 882 3066 ad
905 3002 1114 3089 Estangliam
1137 3003 1292 3091 dirigens,
1314 3007 1380 3072 xvi.

331 3128 433 3171 naves
464 3105 636 3171 Danorum
667 3105 763 3192 cepit,
795 3104 853 3169 sed
883 3104 920 3168 in
950 3106 1116 3171 redeundo
1146 3109 1235 3193 regia
1269 3108 1381 3173 classis

331 3209 524 3276 devincitur.
582 3208 655 3289 Quo
694 3208 796 3279 etiam
826 3230 922 3287 anno,
966 3230 1024 3273 rex
1062 3209 1218 3274 Alfredus
1250 3210 1511 3286 Laudo-Imm

330 3314 420 3377 niam
450 3311 626 3398 reparavit,
650 3333 749 3397 quarn
784 3310 993 3390 Etheldredo,
1030 3310 1225 3377 Merciorum
1258 3315 1378 3394 comiti,
1392 3303 1513 3367 repaireu

330 3414 587 3480 custodiendam
623 3414 771 3489 tradidit,
802 3419 837 3478 et
871 3419 950 3478 tuno
994 3413 1097 3502 Angli
1136 3415 1274 3502 dispcrsi
1309 3419 1380 3504 regi

329 3519 463 3584 alfredo
498 3539 532 3583 se
567 3517 737 3582 dederunt.
792 3517 866 3597 Quo
900 3517 936 3580 in
968 3522 1123 3605 tempore,
1153 3541 1214 3584 rex
1244 3520 1379 3586 inclitus

329 3622 421 3687 misit
455 3621 668 3686 eleemosinas
700 3642 775 3685 suas
809 3619 851 3684 acl
887 3619 1025 3684 Romam
1059 3620 1121 3708 [et]
1156 3622 1198 3687 ad
1236 3622 1377 3690 Indiam.

330 3726 380 3789 Ac
411 3724 476 3789 duo
510 3723 710 3789 monasteria
744 3722 937 3798 construxit,
968 3737 1071 3789 unum
1109 3725 1257 3790 virorum
1289 3728 1378 3813 apud
1391 3742 1493 3795 Monos-

331 3825 590 3914 Itthelingesye,⁹
623 3826 712 3912 quod
751 3831 848 3890 sonat
883 3825 1022 3912 Anglice
1055 3827 1247 3914 Adooaape,
1284 3831 1376 3896 aliud
1389 3811 1505 3930 {Q

330 3930 508 3995 mulierum
542 3930 632 4016 apud
663 3927 916 4015 Schaftysbury,
940 3929 976 3993 in
999 3951 1065 4015 qua
1096 3930 1244 4017 praelecit
1273 3933 1374 4000 filiam

327 4056 421 4100 suam
444 4032 618 4121 Eligivam.
650 4053 653 4062 ·

158 4141 189 4192 R
202 4142 315 4207 ffissdm
373 4137 499 4202 Eodem
529 4151 624 4208 ιιιιιιο,1
649 4149 792 4199 venerunt
819 4149 919 4198 contra
948 4161 1050 4215 regom
1067 4144 1223 4201 Alsredum
1250 4156 1374 4219 quatuor
1386 4157 1482 4209 Baulos

157 4209 314 4328 Qun,
327 4244 472 4299 exercitus
492 4242 648 4324 Dacorum,
668 4238 702 4298 et
725 4235 866 4319 quatuor
887 4232 975 4299 balla
1000 4232 1036 4297 in
1066 4255 1180 4321 campo
1203 4238 1374 4302 00mm135a
1385 4225 1447 4275 with
1459 4228 1501 4277 the

157 4344 190 4392 'i'
200 4360 223 4395 e·
236 4344 277 4409 a.)
1385 4291 1477 4344 Dane'a.

333 4428 416 4435 4....-
428 4427 1300 4438 --ae--o—.—-——-...—-—-——.-...——.
1309 4433 1333 4437 .-
1342 4433 1345 4437 .
1353 4432 1371 4437 —

360 4558 848 4677 'Marinm1.,otherwiaedeaiguatedp
906 4557 1110 4625 'Etheliapesyd
1142 4560 1277 4625 Athelney,
1305 4577 1375 4611 men-

325 4639 421 4688 Martiu
433 4639 477 4697 11..
489 4653 541 4687 waa
561 4653 623 4702 pope
636 4639 698 4687 from
709 4639 769 4689 llec.
778 4645 826 4688 882
873 4639 961 4688 tioned
972 4639 1123 4703 previously,
1142 4677 1148 4688 .
1166 4677 1172 4690 .
1191 4646 1205 4667 ¹⁴
1216 4657 1294 4689 urcem
1306 4639 1376 4704 opud

325 4726 351 4767 to
363 4718 523 4773 Marones-l,
534 4719 582 4766 aud
595 4718 615 4766 it
626 4719 648 4767 ia
665 4727 691 4767 to
709 4719 749 4767 tha
767 4733 827 4783 year
873 4724 887 4746 ‘⁶
906 4716 1088 4782 Ellelinpnm.”

325 4799 373 4848 last
392 4799 482 4846 named
503 4797 557 4846 that
570 4798 648 4847 esser
667 4797 765 4860 assigno
785 4798 827 4846 the
906 4795 1018 4845 'Eodem
1030 4797 1107 4861 arno]
1123 4797 1221 4862 lligdcn
1234 4799 1306 4846 remla
1318 4796 1373 4845 Ilm·

324 4875 638 4926 ramlmionosltomesoot.
657 4877 826 4926 Thechrono·
847 4880 849 4940 fl
872 4894 944 4935 rinno,
966 4878 1016 4925 and
1039 4878 1108 4924 dotes
1125 4877 1167 4925 tho
1186 4885 1259 4926 erent
1282 4876 1307 4924 in
1332 4878 1373 4925 the

324 4958 384 5020 logy
402 4956 433 5005 of
451 4956 494 5005 the
506 4954 654 5005 Chronicler
673 4955 695 5003 is
715 4956 782 5011 hera,
799 4972 826 5005 as
846 4947 849 4991 Ι
872 4954 1035 5006 serenleenlh
1047 4970 1108 5019 year
1116 4956 1265 5004 ofAlsted's
1277 4954 1355 5018 reign.

324 5035 468 5092 elsewhere,
480 5034 612 5100 obviously
626 5034 773 5084 inaccurare.
846 5083 849 5092 ,

1216 5130 1240 5178 D
