3817 6450
717 1201 818 1250 ninus
840 1201 886 1249 ne
909 1200 1015 1249 arma.
1323 1184 1388 1255 277

234 1422 298 1457 m.
348 1386 366 1415 “
386 1388 486 1459 aliqua
504 1378 710 1443 retentione¹
731 1386 905 1459 religiosum
924 1386 980 1441 Dei
1002 1386 1145 1442 famulum
1164 1385 1284 1448 Bedam,
1304 1401 1390 1440 vene·
1444 1394 1524 1456 (ΑΒ,

234 1489 253 1535 y.

348 1466 368 1494 ‘⁴
388 1468 507 1523 rabilis²
524 1468 694 1523 monasterii
719 1469 762 1523 tui
787 1465 1032 1540 presbyter[um]‚
1056 1466 1093 1522 ad
1120 1466 1223 1521 limina
1247 1464 1390 1536 apostolo·
1413 1464 1551 1526 6⁷3-735·)

349 1556 367 1579 “
387 1571 454 1607 rum
480 1554 647 1625 principum
665 1552 851 1607 dominorum
869 1569 1002 1606 meorum
1020 1551 1101 1606 Petri
1121 1556 1150 1605 et
1168 1550 1263 1613 Pauli,
1284 1554 1392 1603 amato-

349 1641 367 1663 “
388 1655 453 1690 rum
465 1642 583 1691 tuorum
596 1655 629 1692 ac
641 1642 849 1706 protectorum,
864 1636 901 1690 ad
912 1641 1019 1690 nostrai
1031 1633 1243 1689 mediocritatis
1256 1649 1392 1703 conspec-

349 1726 367 1747 ‘·
388 1728 450 1775 tum
472 1739 528 1775 non
550 1721 673 1775 moreris
698 1720 846 1790 dirigere,
876 1738 973 1790 quem,
999 1720 1115 1773 favente
1134 1715 1259 1771 Domino
1283 1716 1392 1771 sanctis

350 1804 447 1859 “tuis
472 1805 618 1876 precibus,
645 1822 702 1858 non
728 1803 841 1858 diffidas
870 1820 1010 1875 prospere
1035 1801 1071 1856 ad
1090 1808 1119 1856 te
1140 1800 1246 1865 redire,
1274 1805 1394 1872 peracta

349 1893 368 1915 ·‘
387 1889 606 1959 praemissorum
619 1887 816 1959 capitulorum
834 1904 901 1941 cum
920 1886 1029 1941 auxilio
1042 1885 1098 1939 Dei
1117 1883 1283 1939 desiderata
1300 1884 1393 1939 solen·

349 1971 368 1994 ‘¹
387 1967 487 2021 nitate.
524 1967 591 2021 Erit
603 1967 689 2031 enim,
704 1973 738 2022 ut
750 1966 930 2030 confidimus,
944 1966 1031 2020 etiam
1046 1965 1159 2021 cunctis
1177 1952 1261 2019 sibi³
1273 1963 1393 2019 creditis

349 2051 368 2073 ⁴⁴
389 2047 575 2118 profuturum
603 2046 744 2116 quicquid
769 2046 900 2101 ecclesiae
926 2045 1059 2116 generali
1083 2045 1224 2100 claruerit
1250 2061 1303 2115 per
1329 2042 1393 2114 ejus

349 2137 367 2158 “
387 2126 619 2212 praesentiam⁴
643 2120 857 2206 impertitum.'’

394 2228 484 2293 Licet
506 2229 593 2292 enim
617 2228 707 2293 Beda
728 2227 764 2292 in
787 2226 983 2293 Sanctorum
1006 2227 1156 2314 catalogo
1178 2230 1392 2312 computetur,
1407 2239 1516 2291 various

348 2336 381 2395 et
404 2353 424 2393 a
439 2329 715 2395 Dunelmensibus
739 2331 896 2415 episcopis
920 2326 1061 2396 Sanctus
1084 2328 1175 2394 Bedo
1197 2328 1393 2406 nominetur,
1405 2306 1566 2438 ξζὲοέἒὲἕῑ

347 2455 413 2497 non
430 2437 540 2496 tamen
556 2455 576 2495 a
591 2432 738 2517 pluribus
759 2432 833 2496 aliis
849 2440 866 2466 “
876 2430 1045 2497 Sanctus'’
1060 2431 1118 2496 sed
1136 2439 1152 2465 “
1164 2430 1368 2495 Venerabilis
1376 2430 1394 2454 ’'
1407 2440 1502 2570 {billb

347 2535 539 2621 appellatur,
564 2540 597 2598 et
628 2534 687 2597 hoc
719 2533 841 2619 duplici
874 2534 913 2597 de
947 2554 1053 2612 causa,
1076 2555 1150 2618 quae
1182 2532 1218 2594 in
1243 2530 1396 2616 Lependa
1416 2572 1544 2622 ‘Veners-

347 2636 560 2713 Sonctornm,
592 2636 627 2698 in
657 2636 732 2712 fine,
764 2636 809 2700 sic
839 2635 1206 2721 assignatur:dema
1227 2655 1324 2699 cauea
1345 2637 1471 2699 estble”
1484 2639 1561 2690 Beda

347 2739 427 2824 quia
459 2760 533 2802 cum
565 2760 631 2823 prae
657 2737 761 2801 nimia
782 2743 948 2802 senectute
982 2737 1051 2822 ejus
1074 2737 1160 2802 oculi
1194 2737 1395 2823 caligassent,

348 2839 500 2915 habebat,
521 2845 561 2904 ut
584 2839 687 2918 aiunt,
711 2840 874 2924 quendam
898 2840 1067 2904 ductorem
1089 2862 1110 2903 a
1132 2861 1197 2926 quo
1219 2861 1277 2926 per
1298 2838 1396 2904 villas

348 2948 382 3007 ct
405 2948 510 3006 castra
540 2963 573 3005 se
603 2941 678 3006 duci
709 2941 857 3021 faciebat,
881 2947 915 3006 et
938 2942 1059 3028 ubique
1091 2942 1230 3007 verbum
1261 2941 1396 3007 Domini

349 3043 555 3129 praedicabat.
602 3043 752 3122 Quadam
777 3044 857 3121 vice,
881 3044 961 3108 dum
991 3066 1048 3129 per
1078 3044 1244 3130 quandam
1266 3043 1552 3121 vallem,1aegendot

349 3145 477 3232 magnis
510 3143 674 3231 lapidibus
705 3144 844 3230 plenam,
878 3146 1065 3221 transirent,
1104 3144 1175 3230 ejus
1212 3144 1396 3231 discipulus,
1408 3119 1546 3239 ἓξὲξ.)

349 3248 518 3312 derisionis
550 3268 654 3327 causa,
688 3248 791 3312 eidem
827 3248 914 3312 dixit
945 3248 1033 3333 quod
1064 3247 1113 3312 ibi
1144 3254 1229 3313 esset
1257 3270 1398 3334 magnus

350 3350 488 3438 populus
522 3354 746 3436 congregatus
781 3351 837 3435 qui
869 3350 940 3435 ejus
970 3350 1234 3437 praedicationem
1265 3351 1398 3416 silenter

348 3459 383 3516 et
405 3451 501 3516 avide
534 3452 761 3538 expectabunt.
808 3452 899 3517 Tunc
933 3453 989 3516 ille
1021 3452 1188 3518 ferventer
1220 3453 1397 3539 praedicare

350 3554 516 3639 incipiens
539 3559 573 3617 et
596 3575 668 3618 cum
692 3554 727 3617 in
750 3553 816 3618 fine
839 3576 896 3640 per
918 3555 1028 3620 omnia
1058 3556 1176 3620 saecula
1205 3555 1397 3620 saeculorum

350 3656 565 3735 conclusisset,
589 3679 676 3735 mox,
700 3662 740 3721 ut
762 3658 866 3737 aiunt,
890 3658 1016 3743 lapides
1047 3659 1116 3723 alta
1136 3680 1216 3723 voce
1239 3658 1397 3725 clamave-

350 3765 438 3835 runt,
478 3766 494 3793 “
508 3760 620 3834 Amen,
652 3759 850 3823 venerabilis
884 3760 1006 3848 pater.”
1067 3761 1154 3841 Quia
1187 3761 1289 3848 igitur
1322 3784 1396 3828 eum

351 3860 568 3924 venerabilem
606 3860 730 3945 lapides
769 3868 982 3942 vocaverunt,
1020 3861 1093 3928 ideo
1132 3873 1149 3898 “
1161 3864 1368 3931 Venerabilis
1380 3865 1397 3890 ''

350 3961 542 4058 appellatur.
589 3962 658 4040 Vol,
681 3967 721 4025 ut
750 3963 808 4026 alii
838 3969 995 4041 asserunt,
1027 3967 1138 4051 angeli
1166 3967 1196 4030 ei
1226 3969 1398 4053 respoude-

351 4071 440 4143 runt,
463 4073 480 4098 ‘¹'
494 4064 591 4142 Bene,
608 4064 803 4128 venerabilis
826 4071 929 4151 pater,
944 4065 1086 4131 dixisti.’'
1131 4067 1280 4134 Secunda
1302 4092 1399 4135 causa
1410 4081 1526 4132 Another

352 4171 402 4230 cst
425 4166 510 4251 quia,
536 4171 609 4252 post
633 4165 702 4250 ejus
732 4171 880 4243 mortem,
904 4168 1038 4253 quidum
1061 4165 1194 4234 clericus
1216 4171 1279 4236 sibi
1301 4149 1511 4261 deuo-¹²⁸⁶*

352 4281 407 4332 tus
441 4269 603 4354 quendam
636 4290 767 4333 versum
802 4269 896 4334 edere
929 4271 1091 4356 cupiebat,
1126 4293 1221 4358 quem
1255 4274 1291 4337 in
1329 4275 1399 4359 ejus

352 4369 479 4435 tumulo
502 4369 605 4435 facere
628 4371 731 4457 sculpi
754 4372 895 4453 volebat,
917 4373 966 4437 ita
987 4373 1143 4460 incipena,

620 4491 637 4518 “
653 4486 729 4550 Hoc
751 4495 833 4551 aurit
855 4487 898 4552 io
914 4486 1041 4572 sosao’'
1064 4539 1071 4551 .
1094 4541 1100 4553 .
1125 4541 1131 4554 .
1411 4515 1536 4568 form

353 4597 465 4662 volens
487 4618 619 4662 versum
642 4600 757 4665 taliter
779 4602 964 4682 terminare,

682 4720 700 4749 “
715 4713 815 4779 Bcdoe
836 4715 950 4781 condi
972 4717 1075 4794 osao,”

389 4963 394 4990 ¹
408 4960 450 5009 W.
462 4960 508 5019 M,
522 4962 689 5010 immoratione.
937 4964 1019 5032 'nibil
1034 4965 1075 5014 W.
1087 4965 1132 5022 M,
1145 4964 1196 5016 riti.

388 5041 564 5107 miserabilis]
587 5042 643 5092 MS.
664 5045 742 5105 reads,
760 5043 855 5095 Bedam
939 5043 1125 5110 ‘presenticnj
1151 5044 1193 5096 W.
1215 5046 1261 5110 M,
1279 5057 1403 5115 pratan-

356 5119 519 5170 venerabilem
906 5124 972 5173 tiam.
1011 5123 1304 5192 (dey'stextssb)
1351 5170 1353 5177 .
