3817 6450
650 1167 752 1221 maan
775 1169 822 1220 na
847 1169 951 1220 nans.
1281 1160 1326 1232 47

150 1353 265 1418 llffisdet
276 1358 411 1415 omnibus
422 1375 487 1429 ques
497 1358 600 1423 voluit,
614 1359 805 1429 Ethelginum
816 1359 914 1425 rediit,
929 1361 1022 1417 otium
1031 1362 1160 1417 hostium
1171 1364 1325 1420 comitibus
1346 1370 1414 1420 M).
1428 1374 1484 1421 ara.

150 1421 220 1537 iffi
276 1441 337 1497 suis
355 1430 510 1517 exposuit
520 1427 540 1510 3¹
561 1440 637 1495 unde
650 1446 680 1496 et
691 1440 789 1496 hostes
803 1458 870 1496 suos
883 1448 1002 1513 repente
1016 1442 1147 1507 adorsus,
1163 1444 1326 1500 incredibili
1339 1449 1437 1500 Danish

151 1554 232 1604 Μ
276 1536 375 1599 strage
405 1530 521 1584 cecidit.
571 1521 614 1585 In
643 1526 798 1609 sequente
829 1544 972 1609 namque
1002 1521 1079 1601 die,2
1107 1532 1314 1591 Wiltomenses
1339 1532 1419 1582 camp,
1428 1519 1478 1567 and

150 1627 218 1679 caut
278 1609 521 1675 Somersetenses,
541 1612 788 1684 Hamptunenses,
803 1613 841 1667 ad
859 1631 926 1667 eum
944 1619 1095 1679 venerunt,
1123 1631 1248 1685 quorum
1273 1579 1326 1688 0ρὲ
1339 1585 1476 1715 {mma

152 1693 218 1752 tivo.)
276 1708 374 1746 arcem
392 1683 481 1769 apud
500 1692 714 1764 Ethelingum,⁸
727 1694 804 1765 quod
821 1694 1031 1765 interpretatur·
1048 1695 1198 1750 Nobilium
1209 1697 1324 1763 laculo,
1339 1718 1463 1771 victorie,

276 1775 448 1838 construxit,
478 1773 513 1828 de
539 1792 596 1845 qua
619 1774 718 1829 hostes
746 1774 853 1844 saepius
879 1775 1046 1839 debellavit,
1073 1776 1220 1846 praecipue
1242 1777 1327 1847 juxta

278 1858 419 1924 Selwcde,
447 1859 524 1929 quod
547 1859 757 1931 interpretatur
774 1860 883 1930 Mopso
901 1859 995 1923 Siloa,
1016 1860 1058 1914 ita
1075 1865 1109 1915 ut
1126 1863 1253 1931 acceptis
1278 1863 1326 1918 cb·

278 1939 391 1995 sidibus
410 1940 619 2003 electissimis‚³
639 1939 787 2003 Guttrum,
808 1958 911 2011 regem
935 1941 1092 2006 Dacorum,
1119 1960 1185 1997 cum
1204 1934 1327 2021 viginti
1339 1953 1443 2003 solas.

278 2019 464 2075 electissimis
482 2020 565 2085 viris,
584 2038 636 2073 rex
654 2019 793 2074 Alfredus
812 2020 847 2074 de
866 2022 945 2076 sonte
964 2022 1084 2083 levaret,
1104 2039 1210 2079 nomen
1226 2024 1327 2079 Athel-
1340 2044 1453 2108 Raptim
1469 2048 1500 2098 of

278 2105 352 2160 steni
377 2105 474 2159 eidem
496 2104 678 2176 imponendo.
715 2083 779 2173 Qua
796 2105 832 2159 dc
851 2123 947 2168 caasa,
974 2106 1039 2175 regi
1065 2106 1213 2174 Guttrum,
1240 2128 1327 2181 quem
1341 2110 1476 2174 Guthrum,

278 2216 330 2254 nos
361 2196 566 2253 Gurmundum
595 2215 742 2264 vocamus,
771 2190 906 2276 quidam
937 2190 1128 2271 Gordinum,
1160 2201 1235 2257 dates
1259 2209 1327 2258 sunt
1340 2180 1480 2298 ffiffifflt

278 2293 436 2366 provincis
461 2292 692 2363 Est-Anglcrum
708 2299 738 2348 et
755 2292 1081 2365 Northsnhymbrorum
1105 2294 1142 2348 ad
1165 2294 1439 2364 inhabitas-iffa„

279 2387 357 2443 dum.
397 2377 463 2443 Sed
480 2404 583 2443 varum
602 2386 672 2456 quia
687 2404 747 2441 non
759 2387 844 2442 sacilc
856 2393 951 2443 mutat
963 2388 1099 2459 AEthiops
1111 2388 1219 2459 pellam
1231 2407 1324 2454 suam,
1340 2380 1442 2446 Angli&

279 2475 418 2533 Guttrum
437 2495 489 2550 per
507 2466 659 2532 undecim
677 2492 766 2530 annos
785 2483 879 2531 terras
897 2477 965 2531 illas
984 2478 1135 2548 tyrannico
1159 2479 1237 2534 fastu
1260 2496 1325 2551 pro·

278 2568 369 2634 trivit,
390 2575 420 2622 et
438 2568 469 2622 in
487 2566 658 2621 duodecimo
676 2579 762 2622 anno
775 2566 856 2621 obiit.
895 2565 1015 2639 Reliqui
1027 2566 1113 2631 Dani,
1128 2567 1179 2638 qui
1191 2568 1327 2625 noleruut
1340 2586 1490 2637 ambrum,

277 2670 344 2715 esse
368 2648 557 2725 Christiani,
576 2656 613 2711 ad
631 2662 729 2728 partes
749 2654 914 2711 Gallicanas
934 2673 966 2711 sc
984 2656 1206 2711 transtulerunt.
1339 2655 1421 2716 death,

321 2752 390 2817 Iste
407 2751 548 2817 Guttrus
563 2750 681 2816 habuit
704 2772 918 2815 successorem
941 2772 1034 2835 aeque
1051 2749 1194 2828 Danum,
1211 2750 1326 2816 Ethric
1338 2721 1495 2854 ffisffi's

278 2856 418 2935 nomme,
443 2854 500 2942 qui
531 2859 707 2941 postquam
740 2858 908 2940 regnasset
939 2852 1035 2917 annis
1069 2853 1325 2939 quatuordecim,
1339 2885 1387 2920 sor.

277 2964 464 3047 peremptus
489 2962 538 3023 est
568 2980 589 3021 a
618 2958 686 3022 suis
717 2957 1053 3046 comprovincialibus,
1086 2979 1124 3022 eo
1156 2957 1243 3047 quod
1276 2958 1327 3025 in-

279 3064 420 3131 civiliter
442 3084 496 3128 eos
518 3060 740 3150 pertractavit.

321 3192 368 3259 Et
390 3195 440 3256 est
462 3189 646 3256 notandum
668 3188 721 3254 hic
752 3190 841 3275 quod
870 3210 972 3276 regna
1003 3189 1114 3254 omnia
1136 3211 1210 3278 quaa
1233 3195 1326 3257 erant
1340 3221 1487 3289 Digressus

278 3297 312 3362 in
327 3295 458 3383 Anglia,
477 3316 551 3380 quae
574 3294 610 3357 in
632 3315 729 3358 suum
751 3293 952 3358 coadunavit
975 3293 1148 3379 imperium
1171 3293 1326 3379 primitus
1339 3293 1457 3342 astons

278 3402 499 3468 nobilissimus
525 3398 673 3486 princeps
707 3403 742 3462 et
775 3420 834 3462 rex
861 3398 1116 3463 Westsaxonum
1152 3398 1325 3485 EgbertuS,
1339 3375 1462 3487 iiffiffii

278 3528 359 3572 avus
384 3505 484 3590 hujus
514 3503 636 3589 egregii
666 3502 821 3588 principis
844 3500 982 3579 Alfredi,
1004 3501 1159 3567 videlicet
1189 3524 1326 3588 regnum
1340 3494 1452 3572 ultjmne

280 3609 484 3687 Marciorum,
522 3628 659 3692 regnum
696 3605 962 3685 Cantuariarum,
1001 3603 1170 3691 [regnum]
1203 3605 1326 3670 North·
1339 3561 1481 3679 diffidi„

278 3713 546 3798 enhymbrcrum‚
570 3732 708 3797 regnum
731 3708 951 3775 Orientalium
975 3708 1169 3794 Anglorum,
1189 3695 1482 3796 ,egnumkingdoms

279 3815 498 3882 Orientalium
536 3813 717 3892 Saxonum,
755 3833 894 3899 regnum
932 3834 1012 3877 vero
1049 3811 1326 3891 Southsaxonum,

278 3920 448 4007 perprius
470 3917 617 3983 dominic
647 3917 759 4002 paruit
790 3937 905 4001 regum
927 3913 1191 3996 Westsaxonum,
1215 3916 1327 3982 incon-

278 4046 371 4090 cussa
391 4026 565 4099 stetenmt,
588 4020 777 4106 stragibus
800 4018 1056 4083 Westsaxcnum
1086 4019 1278 4098 servierunt,
1306 4043 1326 4085 a

278 4132 424 4214 tompore
440 4125 587 4213 Egberti,
604 4146 706 4210 usque
728 4122 771 4188 ad
794 4126 949 4207 quartum
972 4143 1097 4187 annum
1120 4122 1323 4203 Etheldredi,

278 4230 370 4297 tertii
393 4229 454 4294 filii
477 4226 641 4314 Athulphi
672 4227 767 4310 regis,
790 4247 856 4310 quo
887 4247 974 4290 anno
1005 4247 1096 4311 reges
1120 4225 1324 4306 Marciorum,

278 4332 657 4420 Northanhymbrorum‚
689 4329 932 4416 Estanglcrum,
963 4328 1194 4408 Estsaxonum,
1221 4330 1325 4395 domi-

277 4436 405 4502 nationi
444 4434 765 4500 Westsaxoniocrum
808 4454 923 4518 regum
968 4431 1052 4496 ferre
1097 4431 1326 4511 detrectantes,

278 4540 465 4605 maluerunt
487 4539 596 4603 hostes
618 4537 786 4614 sustinere,
804 4540 838 4600 et
861 4535 1016 4600 obsidatu
1038 4535 1208 4600 confovere
1226 4558 1324 4620 quam

277 4643 430 4730 patriotis
453 4664 511 4728 pro
535 4641 644 4727 patrio
667 4640 899 4705 insudantibus
923 4659 1023 4725 opum
1046 4638 1136 4704 ferre.
1185 4638 1237 4702 Ex
1260 4659 1325 4724 quo

376 4840 452 4846 ...ψ-..-
463 4838 519 4844 0·—
534 4839 560 4842 κ.-
579 4834 1008 4843 n——u-*..„.-...——.-..—.-
1033 4832 1202 4839 ‚<„.——..‘--

415 5010 419 5035 ¹
435 5005 563 5069 exposuit]
579 5006 609 5054 lt.
623 5005 784 5068 ll..e.1pouit.

408 5091 417 5116 ²
431 5087 461 5135 In
479 5095 589 5150 sequente
610 5101 710 5148 rerumque
721 5085 772 5149 die]
787 5085 817 5133 li.
831 5083 864 5146 H,
878 5082 944 5132 Nom
958 5082 982 5130 in
995 5080 1033 5131 die
1044 5081 1158 5144 sequenti.

409 5172 417 5196 ³
431 5169 475 5217 Sic
487 5167 512 5216 iu
529 5166 583 5220 MS.
