3817 6450
647 1208 749 1260 ersus
772 1208 818 1257 ne
841 1206 946 1257 urus.
1281 1187 1323 1258 75

411 1394 630 1461 reddatur'ab
653 1395 733 1482 ipsis
752 1416 812 1481 pro
840 1390 1083 1459 sustentatione
1113 1389 1222 1455 victus
1251 1410 1328 1452 con·
1348 1392 1417 1444 al).
1430 1391 1495 1442 88⁵?

410 1498 663 1585 sanguineorum
685 1494 853 1575 meorum,¹
879 1496 1000 1583 quibus
1022 1499 1152 1582 oportet
1178 1514 1230 1557 me
1245 1513 1329 1579 prae·

412 1601 516 1667 dictas
554 1608 658 1667 terras
695 1602 806 1688 legare
843 1605 957 1666 utrum
998 1598 1066 1664 sint
1105 1595 1239 1663 maseuli
1275 1593 1329 1659 vel

412 1704 564 1786 foeminae,
601 1706 780 1772 seeundum
815 1704 904 1790 quod
933 1702 1017 1768 mibi
1046 1701 1163 1767 melius
1188 1700 1329 1765 videtur.

415 1807 460 1873 Et
483 1829 542 1895 ego
565 1808 601 1872 in
628 1807 760 1873 nomine
792 1806 929 1872 Domini
956 1805 1121 1885 exhortor,
1149 1802 1247 1869 etin
1272 1822 1331 1865 no·

413 1910 501 1976 mine
538 1910 686 1977 omnium
700 1972 704 1979 ,
718 1915 917 1988 sanctorum,
941 1908 1030 1995 quod
1065 1929 1162 1974 nemo
1195 1927 1332 1971 consan-

414 2013 609 2100 guineorum
639 2035 796 2093 meorum,
831 2013 868 2079 in
902 2016 1081 2100 posterum,
1117 2014 1232 2076 contra
1271 2008 1331 2072 uli-

415 2139 511 2204 quem
533 2140 601 2185 suae
633 2116 931 2205 consanguinitatis
955 2114 1083 2181 laboret
1110 2112 1332 2201 quovismodo,

416 2221 524 2305 quoad
546 2243 584 2286 ea
614 2243 688 2306 quae
718 2242 779 2307 ego
811 2220 889 2305 ipsis
921 2218 998 2284 dedi
1032 2225 1190 2305 perantes
1211 2216 1335 2303 pariter

417 2329 451 2388 et
473 2322 590 2410 legavi.
633 2324 679 2389 Et
700 2344 828 2388 meeum
848 2328 924 2417 tota
943 2321 1101 2387 nobilitas
1119 2321 1213 2387 West
1230 2319 1334 2385 Saxo-

378 2476 384 2485 .
416 2426 498 2492 nicae
531 2427 648 2513 gentis,
679 2447 739 2513 pro
769 2431 857 2491 recto
883 2425 970 2511 jure,
996 2424 1216 2501 consentiunt,
1247 2421 1336 2509 quod

418 2550 470 2594 me
496 2534 625 2615 oportet
653 2528 823 2594 dimittere
853 2550 907 2594 eos
943 2529 994 2593 ita
1026 2528 1154 2604 liberos,
1185 2526 1271 2591 sieut
1300 2525 1336 2587 in

418 2631 550 2696 homine
580 2631 739 2718 cogitatio
769 2632 873 2719 ipsius
902 2632 1065 2698 consistit.
1111 2630 1158 2695 Et
1182 2652 1249 2718 ego,
1276 2648 1336 2715 pro

419 2756 529 2813 amore
545 2734 618 2812 Dei,
634 2738 668 2800 et
690 2757 749 2823 pro
773 2735 879 2802 salute
901 2735 1021 2801 animae
1044 2755 1135 2816 meae,
1149 2734 1226 2799 volo
1248 2731 1337 2819 quod

418 2838 480 2924 ipsi
503 2838 573 2903 sint
602 2838 638 2903 in
672 2839 873 2925 possessione
900 2838 1094 2904 libertatum
1130 2858 1272 2919 suarum,
1303 2839 1338 2900 et

420 2941 525 3006 omnis
547 2942 701 3028 cognatio
727 2964 849 3007 eorum.
904 2942 951 3007 Et
977 2964 1036 3029 ego
1057 2942 1094 3007 in
1120 2940 1251 3007 nomine
1275 2937 1338 3003 Dei

422 3070 513 3113 sacro
542 3048 579 3112 in
609 3048 774 3115 mandatis
805 3049 986 3127 committo,
1017 3050 1105 3136 quod
1133 3048 1216 3143 ipsis
1242 3067 1339 3111 nemo

423 3152 637 3231 contradicat,
671 3174 777 3240 neque
815 3175 889 3218 cum
927 3151 1037 3230 armis,
1068 3154 1243 3240 potestate,
1280 3169 1340 3214 nee

423 3256 557 3337 virtute,
579 3278 685 3342 neque
707 3256 819 3343 aliquo
843 3257 909 3321 alio
929 3255 1103 3321 resistendi
1124 3253 1229 3334 modo,
1252 3251 1341 3339 quod

424 3357 474 3422 illi
488 3381 555 3423 non
570 3365 727 3446 poterunt
741 3359 917 3445 seysinare,
927 3357 983 3424 vel
997 3357 1214 3440 introducere,
1230 3378 1344 3444 quem·

426 3484 564 3548 cumque
586 3462 652 3528 illis
678 3463 847 3549 placuerit,
874 3463 911 3527 in
937 3484 1050 3528 eorum
1076 3467 1188 3542 terras,
1219 3482 1344 3547 posses·

426 3565 540 3643 aiones,
567 3572 601 3632 et
628 3565 782 3634 dominia
828 3566 874 3631 Et
896 3565 973 3633 volo
996 3565 1084 3651 quod
1107 3562 1256 3630 homines
1278 3562 1344 3629 mei

427 3669 507 3733 dent
538 3668 635 3734 domo
669 3669 711 3734 de
736 3668 937 3735 Domrabam
969 3690 1045 3734 suas
1075 3674 1179 3734 terras
1216 3667 1345 3748 liberas,

427 3775 461 3836 et
487 3793 561 3836 suas
586 3771 764 3853 libertates,
783 3772 829 3837 sio
853 3771 942 3858 quod
965 3772 1028 3858 ipsi
1046 3773 1216 3860 seysinent
1233 3794 1345 3859 quem-

428 3895 565 3959 cumque
587 3874 654 3940 illis
676 3876 845 3962 placuerit,
876 3899 935 3964 pro
966 3898 1027 3957 me,
1057 3882 1093 3942 et
1122 3898 1183 3966 pro
1209 3876 1345 3956 Elfleda,
1458 3952 1462 3959 ¹

429 3984 464 4042 et
502 3998 561 4063 pro
601 3978 715 4044 amieis
751 3979 828 4056 suis,
864 3979 986 4066 quibus
1019 3980 1090 4065 ipsu
1125 3979 1347 4067 gratitudines

428 4086 560 4145 tenetur
589 4080 787 4166 impendere,
815 4087 849 4147 et
879 4104 938 4169 pro
969 4082 1124 4148 rivorum
1153 4105 1191 4148 aa
1215 4081 1346 4148 defune-

431 4187 539 4247 torum
574 4184 722 4249 omnium
753 4186 964 4251 necessitates
993 4185 1188 4252 habentium
1218 4186 1346 4264 salute3
1385 4187 1387 4190 ’

431 4291 465 4350 et
480 4285 566 4371 quod
582 4286 727 4353 habeant
745 4287 818 4352 illas
837 4293 876 4355 ut
898 4288 1025 4375 possint
1047 4295 1134 4355 staro
1155 4311 1213 4375 pro
1229 4288 1348 4353 animae
1454 4319 1460 4331 ·

431 4408 512 4454 mere
538 4388 666 4470 saluto;
701 4395 737 4456 et
767 4392 854 4477 qnod
884 4391 962 4457 talis
993 4392 1048 4478 pia
1079 4390 1214 4457 donatio
1244 4390 1348 4456 sitin

431 4491 654 4558 remissionem
685 4494 832 4558 omnium
864 4499 1069 4581 peecatorum
1100 4515 1257 4561 meorum.
1303 4491 1350 4556 Et

433 4592 481 4658 ita
511 4594 700 4660 desiderans
735 4596 946 4663 Altissimum
980 4596 1153 4663 humiliter
1186 4597 1348 4682 deprecor,

433 4703 470 4761 ut
492 4718 565 4762 mea
588 4699 718 4776 delicta,
734 4705 768 4764 et
791 4722 902 4766 eorum
927 4722 1043 4788 poenas
1065 4700 1148 4766 mihi
1174 4698 1352 4764 misericor·

435 4799 519 4864 diter
542 4800 678 4866 relaxet.
726 4805 841 4869 Amen.
