3817 6450
791 1205 976 1254 lrnnnnrx.
1340 1190 1406 1261 aot

348 1388 425 1453 Post
447 1390 507 1454 hos
529 1395 641 1454 autem
665 1392 829 1456 Robertus
852 1392 892 1455 de
917 1390 1099 1456 stuteville
1130 1397 1165 1456 et
1193 1392 1397 1479 Reginaldus

348 1491 388 1555 de
412 1491 577 1557 Warenna
600 1494 720 1579 aliique
743 1495 853 1579 plures
877 1515 971 1558 suam
1008 1495 1144 1560 tandem
1176 1494 1397 1580 dejectionem

349 1600 463 1659 contra
500 1618 609 1682 regem
647 1596 829 1661 Henricum
869 1595 1024 1677 furentes,
1065 1598 1122 1683 qui
1161 1598 1288 1682 pariter
1325 1619 1403 1662 curn

351 1697 496 1763 Roberto
528 1699 658 1764 Comite
697 1698 859 1777 foederati,
896 1699 1080 1765 Henricum
1130 1722 1241 1787 regem
1277 1705 1404 1786 quanto

351 1800 465 1885 majori
489 1802 563 1865 odio
586 1805 682 1866 tanto
714 1801 928 1888 amplioribus
960 1803 1119 1868 conviciis
1155 1803 1269 1889 potius
1301 1826 1404 1889 quam

352 1903 479 1967 damnis
503 1902 736 1989 impediebant.

397 2006 521 2070 Eodem
558 2012 704 2093 tempore
739 2028 892 2093 oppressa
926 2007 1059 2073 ecclesia
1092 2008 1308 2073 Normauniae
1345 2008 1397 2072 in-

352 2107 585 2195 fatigabiliter¹
619 2109 764 2196 undique
806 2114 877 2174 erat
927 2109 1073 2175 descisse.
1134 2109 1223 2175 Nam
1251 2110 1399 2197 praedicti

352 2211 521 2298 principes,
553 2212 634 2276 dum
663 2212 828 2299 stipendia
867 2211 1030 2276 militibus
1070 2234 1136 2277 non
1163 2212 1335 2291 haberent,
1365 2213 1402 2276 in

351 2314 499 2378 ecclesias
528 2337 562 2379 se
590 2315 808 2402 praecipitant,
834 2319 868 2379 et
898 2314 1020 2379 altaria
1058 2315 1240 2402 spoliantes
1282 2315 1405 2393 calices,

350 2421 451 2495 texta,
470 2440 586 2497 cruces,
614 2420 722 2504 pallia,
746 2424 864 2483 caetera
880 2422 1077 2482 ornamenta
1102 2419 1295 2483 distrahunt
1321 2418 1404 2483 suis-

354 2541 416 2604 que
442 2521 602 2585 ministris
625 2522 837 2586 distribuunt.
892 2519 958 2586 Sed
989 2521 1083 2585 Deus
1106 2521 1324 2606 Omnipotens
1347 2520 1405 2605 qui

354 2622 532 2688 Ecclesiam
566 2646 659 2689 suam
697 2624 858 2689 consolari
896 2623 1076 2703 consuevit,
1112 2628 1307 2708 tantamque
1348 2642 1405 2706 op·

353 2727 550 2812 pressionem
573 2726 675 2791 lenire
698 2725 951 2791 misericorditer
973 2725 1113 2803 studuit,
1137 2748 1248 2813 regem
1282 2724 1405 2811 quippe

356 2827 536 2893 Henricum
559 2829 720 2894 excitavit
753 2833 792 2893 ut
814 2828 973 2917 [exercitu
1009 2834 1207 2915 congregato
1241 2828 1407 2893 Norman-

354 3039 450 3112 caret,
475 3041 509 3100 et
533 3035 772 3100 detrimentum
795 3034 939 3100 ecclesiae
964 3034 1163 3100 sublevaret.

398 3137 497 3202 Anno
530 3139 572 3204 ab
610 3138 835 3204 incarnatione
865 3137 1002 3202 Domini
1039 3133 1180 3218 u⁰c⁰vl⁰,
1213 3136 1403 3201 Indictione
1419 3142 1482 3192 wir
1492 3142 1519 3192 in

356 3240 447 3321 xiiii,
471 3241 594 3306 factum
626 3248 676 3307 est
703 3242 827 3306 bellum
864 3240 901 3304 in
939 3240 1145 3305 Normannia
1181 3240 1272 3306 inter
1294 3261 1403 3325 regem
1418 3209 1564 3328 {0de

357 3342 539 3409 Henricum
563 3351 597 3409 et
620 3346 754 3410 fratrem
777 3343 847 3428 ejus
871 3342 1054 3408 Robertum
1078 3342 1252 3422 Comitem,
1276 3342 1313 3406 in
1337 3363 1405 3427 quo
1419 3343 1508 3408 fleury
1516 3345 1565 3394 ²¹³⁶

356 3447 488 3531 quidem
503 3448 588 3511 bello
604 3453 700 3533 capto
723 3447 869 3512 Roberto
894 3446 1008 3512 eodem
1031 3451 1064 3510 et
1080 3445 1248 3511 Willelmo
1278 3445 1398 3510 comite
1418 3411 1521 3462 ΒΜ

357 3541 532 3627 Meritonii,
560 3551 674 3616 sedet
706 3551 852 3616 Roberto
874 3551 914 3614 de
942 3548 1120 3615 Stuteville
1155 3549 1292 3635 aliisque
1331 3548 1407 3634 plu·

356 3650 455 3729 rimis,
487 3653 628 3718 victoria
657 3675 738 3739 pene
770 3653 843 3717 sine
883 3652 1043 3740 sanguine
1084 3651 1220 3717 devenit
1250 3651 1404 3717 Henrico.

357 3753 477 3840 Captos
514 3762 625 3820 autem
652 3757 815 3842 principes
847 3756 1003 3843 Angliam
1028 3756 1147 3821 carceri
1170 3754 1406 3841 mancipandos

356 3858 545 3923 transmisit.
599 3858 767 3923 Robertus
798 3863 911 3924 autem
952 3859 992 3923 de
1029 3858 1175 3924 Belemia
1206 3858 1334 3945 fugiens
1365 3856 1405 3922 de

358 3960 469 4046 praelio
509 3966 543 4025 et
583 3983 657 4026 cum
699 3961 845 4026 Henrico
894 3983 929 4026 se
972 3961 1182 4039 concordans,
1220 3961 1300 4026 dum
1329 3964 1405 4048 post

359 4063 484 4149 aliquot
512 4085 616 4129 annos
650 4063 862 4129 rebellionem
885 4070 989 4150 parat,
1029 4062 1071 4128 ab
1103 4064 1217 4129 eodem
1247 4085 1322 4151 rege
1357 4066 1408 4127 est

358 4173 472 4250 captus
503 4173 537 4231 et
568 4168 687 4232 carceri
718 4166 916 4252 deputatus:
957 4165 1158 4252 Reginaldus
1190 4186 1320 4252 quoque
1365 4162 1406 4228 de

358 4268 536 4334 Warennia
571 4276 687 4356 captus
719 4269 817 4334 fratri
851 4292 909 4335 suo
941 4269 1106 4334 Willelmo
1139 4266 1328 4356 deprecanti
1363 4266 1406 4330 ab

360 4370 503 4436 Henrico
527 4373 605 4436 licet
627 4374 735 4437 invito
766 4378 817 4437 est
847 4371 1007 4438 redditus.

403 4474 491 4538 Dum
514 4476 627 4560 itaque
651 4497 711 4540 rex
742 4475 906 4541 Henricus
931 4475 1089 4562 Angliam
1112 4479 1210 4560 atque
1241 4473 1407 4537 Norman-

357 4578 445 4643 niam
469 4578 612 4643 viriliter
638 4579 857 4665 subjugatam,
882 4578 999 4645 deletis
1022 4575 1308 4666 perturbatoribus
1331 4574 1406 4639 hinc

357 4686 456 4766 atque
495 4682 581 4758 inde,
614 4705 692 4768 pace
728 4689 890 4769 'perpetua
929 4703 964 4747 se
1002 4703 1226 4769 possessurum
1264 4683 1406 4765 putaret,

358 4785 464 4847 oritur
501 4791 616 4849 contra
644 4808 719 4850 eum
742 4786 951 4871 inopinatum
977 4785 1110 4864 malum,
1135 4788 1170 4848 et
1196 4787 1311 4847 contra
1334 4801 1407 4867 pos·

356 4893 443 4952 teros
482 4888 559 4972 ejus,
599 4911 696 4975 rogus
727 4888 870 4973 quidam,
905 4889 990 4954 forte
1023 4882 1290 4973 inextinguibilis
1322 4882 1404 4947 mul·

510 5126 515 5154 ¹
529 5125 584 5175 MS.
597 5123 737 5175 correction
754 5123 780 5172 in
797 5125 896 5189 margin
913 5126 986 5175 reads
995 5128 1010 5152 “
1022 5118 1232 5171 metiar?

1207 5216 1233 5264 u
1256 5204 1276 5265 2
