3817 6450
677 1177 779 1229 amna
801 1179 847 1227 nn
870 1174 977 1228 uvae.
1310 1161 1353 1228 29

302 1361 468 1441 Ebranci‚¹
504 1364 563 1450 qni
599 1363 746 1429 condidit
777 1364 949 1430 civitatem
982 1362 1174 1429 Eboracum.
1231 1364 1277 1428 Et
1307 1362 1353 1427 sic
1366 1371 1514 1423 anaw-

303 1467 364 1531 iste
389 1466 542 1554 princeps
569 1466 656 1532 inter
689 1466 779 1532 mille
797 1463 1096 1533 'nominatissimus
1122 1464 1287 1544 Aliredus,
1310 1465 1351 1530 de
1367 1443 1424 1489 ⁹⁰¹·

303 1568 437 1634 natione
452 1569 546 1634 venit
571 1567 756 1647 Britonum,
772 1574 807 1634 et
833 1568 880 1634 sic
902 1569 943 1634 de
967 1567 1071 1633 nobili
1093 1567 1255 1656 sanguine
1276 1568 1355 1633 Tro·

316 1692 464 1737 anorum.

297 1693 312 1755 J
348 1773 422 1854 Qui,
447 1771 677 1839 duodecimum
702 1774 861 1839 excedens
883 1795 1016 1852 annum,
1043 1782 1203 1839 Saronico²
1220 1787 1355 1855 poemata
1366 1790 1478 1843 Alfrec’e

150 1862 288 1929 milda·
303 1874 406 1931 docilis
424 1892 498 1946 puer
514 1876 684 1932 memoriter
701 1877 804 1931 tenuit.
848 1876 885 1931 In
902 1876 1054 1932 venatoria
1078 1883 1141 1933 arte
1168 1877 1350 1949 praecipuus3
1365 1859 1499 1909 ‘dmum

1365 1926 1414 1974 and
1425 1941 1467 1975 ae·

303 1959 334 2012 in
351 1959 585 2024 architectonica,
600 1978 740 2016 summus.
777 1960 911 2016 Psalmos
923 1967 953 2016 et
965 1961 1111 2018 orationes
1123 1961 1155 2016 in
1166 1979 1258 2016 unum
1269 1959 1352 2014 libel·
1364 1992 1526 2053 ,lumem

302 2043 365 2098 lum
390 2045 547 2116 compegit,
568 2044 663 2115 quod⁸
684 2045 852 2100 Herculem
875 2046 1037 2117 appellans,
1062 2046 1093 2102 id
1117 2053 1172 2111 est,
1201 2045 1352 2108 Hccdbolc,

302 2144 403 2183 secum
422 2128 537 2199 jugiter
560 2129 638 2184 tulit.
677 2128 904 2185 Grammaticam
924 2130 1022 2186 minus
1043 2132 1171 2202 perfecte
1189 2130 1298 2200 attigit,
1319 2147 1353 2184 eo

303 2210 381 2281 quod
410 2218 481 2267 tunc
505 2212 655 2283 temporis,
684 2214 715 2268 in
740 2219 801 2268 toto
824 2230 917 2284 regno
942 2231 1005 2278 sno,
1030 2214 1130 2269 nullus
1155 2214 1354 2285 grammaticae

302 2295 404 2351 doctor
433 2295 579 2362 extituit3
618 2297 806 2367 quamobrem
836 2297 874 2352 ad
904 2297 1059 2353 consilium
1089 2297 1200 2353 Necthi
1229 2297 1352 2361 abbatis,

303 2396 391 2449 quem
417 2378 520 2433 crebro
542 2379 725 2446 visitaverat,
757 2381 872 2436 scholas
902 2380 1036 2453 publicas
1066 2382 1217 2436 variarum
1246 2381 1354 2436 artium

303 2449 406 2536 [apud
430 2449 628 2534 Oxoniam]⁴
650 2461 764 2532 primus
788 2461 927 2527 instituit,
948 2479 1037 2532 qnam
1054 2461 1178 2517 urbem⁸
1195 2462 1227 2516 in
1249 2460 1353 2516 multis

302 2548 435 2604 articulis
453 2538 684 2627 [privilegiari]
702 2548 890 2621 procuravit·

346 2628 436 2693 Num
457 2637 607 2704 Alsredns,
628 2638 872 2694 eleemosinarum
890 2635 991 2691 dator'
1009 2635 1174 2707 largifluus,
1194 2635 1352 2691 missarum
1365 2659 1524 2710 Awgin.

302 2725 418 2782 auditor
447 2716 687 2794 devotissimus,
720 2727 888 2797 ignotarum
906 2713 1051 2782 artium⁸
1066 2725 1262 2797 investigator
1284 2720 1506 2779 stu-traduction

302 2817 513 2897 diosissimus,
528 2820 772 2885 sanctissimum
795 2815 1033 2884 consessorem⁰
1057 2826 1272 2892 Grimbaldum,
1293 2844 1353 2881 mo
1364 2793 1504 2910 gem?

302 2915 437 2980 nochum,
451 2916 606 2972 literatura
617 2923 647 2972 et
659 2922 748 2973 cantu
759 2914 895 2987 peritum,
910 2916 945 2971 de
963 2916 1097 2988 partibus
1117 2914 1221 2971 Galliae
1231 2918 1260 2980 ς’·
1277 2926 1352 2969 cum
1365 2926 1409 2976 the
1420 2926 1493 2992 king.

303 2994 495 3081 presbytero
515 3002 550 3061 et
572 2997 739 3074 monacho,
753 2994 777 3060 J
779 2994 914 3073 ohanne,
930 2995 1113 3061 acutissimi
1128 2994 1254 3082 ingenii
1270 2994 1351 3075 viro,
1365 2995 1431 3044 <¹⁰¹²

305 3103 339 3162 et
360 3099 577 3185 undecunque
609 3097 818 3177 doetissim03
852 3102 887 3163 et
909 3119 985 3163 eum
1015 3098 1143 3176 Assero,
1171 3096 1353 3161 venerabili
1366 3084 1432 3135 al).
1445 3090 1503 3135 ⁸⁸⁵·

304 3198 384 3280 viro,
400 3199 437 3266 in
459 3207 531 3268 arte
553 3200 737 3268 literatorie
759 3199 1005 3280 eruditissimo;
1026 3221 1065 3265 ac
1085 3199 1186 3265 etiam
1200 3197 1224 3263 J
1226 3197 1355 3263 ohanne

304 3303 452 3369 monacho,
480 3304 517 3360 de
542 3304 656 3360 ultimis
684 3304 800 3359 Wallioe
827 3304 943 3370 finibus,
970 3304 1093 3368 scilicet,
1118 3301 1155 3368 de
1178 3301 1355 3356 monasterio

306 3389 403 3447 Sancti
421 3392 518 3448 David
529 3392 682 3458 Meneviae,
697 3392 734 3448 ad
752 3410 784 3447 so
801 3391 926 3456 vocavit,
940 3397 975 3447 ut
992 3391 1088 3447 literis
1106 3381 1157 3446 sui
1180 3381 1355 3468 optimates

305 3478 528 3537 instruerentur.
576 3473 665 3538 Nam
680 3494 769 3538 anno
785 3471 970 3538 Dominicae
992 3470 1228 3537 incarnationis
1251 3471 1352 3536 oetin-
1368 3487 1409 3537 fol.
1423 3493 1437 3538 5
1449 3503 1472 3538 a.

304 3573 485 3658 genimimo
508 3575 704 3662 octogesimo
726 3574 855 3660 quinto,
878 3595 967 3638 anno
993 3595 1072 3638 vero
1102 3572 1196 3661 regni
1225 3572 1276 3639 sui
1303 3595 1355 3638 oc·

306 3686 391 3756 tave,
407 3676 568 3763 gloriosus
579 3673 601 3712 ¹¹
618 3699 679 3742 rex
700 3677 865 3756 Alfredus,
884 3675 990 3741 Danis
1013 3676 1206 3742 miraculose
1221 3675 1355 3763 fugatis,

304 3775 357 3840 vel
389 3777 425 3841 in
461 3799 521 3844 sua
548 3780 626 3864 jura
649 3778 799 3856 redactis,
831 3800 906 3845 cum
943 3777 1032 3843 solus
1062 3777 1260 3865 Angligenis
1293 3778 1354 3842 im-

306 3879 436 3963 peravit
458 3881 636 3946 monarcha
657 3881 773 3960 factus,
788 3880 996 3947 considerans
1019 3883 1108 3967 quod
1131 3903 1190 3968 per
1212 3880 1356 3946 ecclesiae

307 3985 427 4047 sanctae
464 3981 737 4061 devastationem,
778 3981 983 4049 sacerdotum
1033 3982 1158 4049 Christi
1202 3983 1355 4047 interfec-

307 4081 439 4163 tionem,
477 4086 713 4151 monachorum
759 4084 972 4171 fugationem,
1010 4084 1202 4151 monialium
1251 4085 1355 4150 viola-

220 4248 221 4253 ,
306 4184 440 4266 tionem,
479 4187 661 4275 taliumque
698 4187 925 4253 ministrorum
959 4188 1002 4252 ab
1040 4188 1182 4256 eeclesiis
1220 4210 1354 4275 suspen-

336 4493 588 4545 ¹NotinFlorence
881 4476 934 4527 ‘R
947 4476 991 4534 Η..
1011 4475 1170 4544 privilegiari
1196 4477 1350 4543 procurarit

336 4585 389 4636 eR
406 4585 519 4650 Higdffl'
539 4585 666 4638 Samio,
694 4590 802 4650 mmo,
848 4555 950 4619 (Codex
961 4555 1169 4649 wiomarcum)
1312 4638 1318 4649 ο

306 4663 372 4724 dm,
380 4672 502 4729 W,
514 4666 561 4717 &g
881 4638 890 4664 ⁷
902 4635 933 4685 R
941 4635 986 4694 11,
996 4635 1121 4686 Aleredas
1133 4639 1208 4702 lectar
1224 4635 1354 4687 elenorrnoe

337 4744 388 4807 ,R
400 4755 434 4805 H·
454 4772 521 4821 qm
846 4712 925 4774 dator,
937 4715 985 4766 &a

435 4793 443 4817 '
522 4793 529 4808 ‘
883 4795 936 4845 'R
950 4795 995 4860 H,
1005 4812 1092 4846 reram.

338 4846 415 4899 ‘Ma
438 4848 513 4899 omits
541 4849 612 4899 these
638 4848 728 4907 words,
751 4847 801 4896 and
881 4875 892 4903 e
904 4874 935 4925 R
948 4874 1121 4933 nmmum,

306 4925 363 4977 ²2¹⁰!
384 4927 471 4979 ΜΝ
492 4929 536 4979 ¹¹¹0
558 4936 674 4978 ”³¹⁰⁰oe
694 4925 802 4975 unium·
886 4953 1019 5018 ”Higden
1042 4954 1129 5005 makes
1146 4968 1181 5002 no
1202 4950 1313 5001 mention
1329 4949 1359 4999 of

307 5005 398 5072 ῙῙΒῙΝΘ·
457 5044 460 5046 ·
848 5032 895 5084 the
906 5033 1065 5090 ticet-named
1075 5033 1145 5084 John
1157 5047 1186 5081 or
1196 5029 1320 5080 oanser.

338 5099 389 5151 ⁸1³.
400 5099 434 5149 H.
446 5099 508 5149 adds
522 5099 602 5148 raca.
887 5113 903 5143 ¹¹
918 5111 963 5161 Sic
975 5112 1002 5162 in
1013 5112 1071 5164 MS.
