3817 6450
725 1177 829 1224 arara
851 1176 899 1222 ur
920 1174 1025 1226 Hrns
1331 1157 1397 1229 279

350 1384 440 1428 remo
473 1362 707 1427 Beverlicensis
739 1363 829 1428 obiit.
879 1363 1062 1427 Sententiae
1094 1361 1193 1427 Bedae
1218 1362 1259 1426 de
1281 1362 1397 1447 depor-
1410 1378 1529 1456 mansu-

350 1465 476 1531 tatione
509 1471 700 1530 sanctorum
724 1466 933 1550 reliquiarum
958 1486 1057 1550 supra
1089 1465 1332 1528 nominatarum
1362 1464 1398 1528 in
1410 1448 1505 1564 {m

348 1567 575 1645 Dunelmium,
599 1590 657 1653 per
686 1567 858 1631 Elfredum
890 1567 1132 1631 sanctissimum
1161 1566 1397 1652 presbyterum,

347 1669 523 1736 concordat
545 1670 629 1733 illud
652 1667 814 1755 Anglico¹
845 1691 992 1734 sermone
1022 1669 1235 1755 compositum
1258 1690 1396 1746 carmen,

346 1768 405 1833 ubi
442 1789 517 1832 cum
555 1769 595 1832 de
631 1773 722 1832 statu
760 1767 991 1831 Dunelmensis
1028 1766 1099 1844 loci,
1133 1771 1168 1832 et
1201 1767 1242 1830 de
1268 1772 1397 1832 sancto-

346 1893 420 1935 rum
457 1870 605 1955 reliquiis
635 1892 708 1954 quae
738 1871 774 1933 in
812 1891 850 1934 eo
888 1870 1101 1934 eontinentur
1138 1869 1257 1954 agitur,
1293 1870 1394 1934 etiam

347 1972 558 2057 reliquiarum
598 1972 697 2036 Bedae
736 1994 803 2035 una
840 1993 913 2036 oum
951 1972 1080 2036 caeteris
1113 1971 1235 2035 ibidem
1269 1972 1394 2036 mentio

346 2074 494 2139 habetur.
541 2074 642 2158 Cujus
663 2075 818 2137 nimirum
841 2096 880 2138 ea
902 2095 975 2138 ossa
996 2074 1095 2137 fuisse
1116 2078 1305 2152 noscuntur,
1321 2095 1394 2159 quae

350 2177 461 2240 multis
493 2182 567 2262 post
599 2177 694 2240 annis
728 2198 801 2239 cum
832 2176 1023 2262 incorrupto
1054 2176 1158 2261 patris
1194 2196 1336 2261 corpore,
1373 2199 1395 2241 a

350 2279 473 2343 caeteris
495 2279 641 2363 reliquiis
664 2279 894 2364 segregatam
917 2279 1003 2343 lineo
1026 2278 1159 2342 saccello
1182 2277 1393 2342 invenieban-

350 2385 402 2445 tur
425 2381 537 2444 locata.
584 2380 660 2444 Alia
682 2402 809 2465 quoque
833 2380 1013 2444 necessaria
1042 2380 1206 2444 memoriae
1230 2378 1331 2464 (ligna
1353 2380 1393 2445 de

349 2483 534 2569 supradicto
565 2483 637 2547 viro
672 2488 858 2559 narrantur,
883 2482 940 2567 qui
976 2482 1160 2568 specialiter
1190 2480 1241 2545 illi
1273 2481 1393 2546 Sancto

349 2584 531 2650 Cuthberto
554 2607 612 2669 per
642 2584 850 2648 manifestam
880 2584 1040 2648 visionem
1067 2583 1276 2669 praecipiente
1297 2581 1393 2648 facie-

347 2688 414 2766 bat,
438 2686 492 2750 vel
514 2687 613 2750 etiam
629 2692 770 2751 ventura
793 2686 1045 2771 praenunciabat.
1091 2685 1284 2749 Innocentis
1305 2685 1392 2749 enim

348 2796 381 2854 et
405 2791 460 2875 pia
492 2811 604 2852 eorum
639 2788 840 2874 simplicitas,
865 2788 923 2872 qui
956 2809 1014 2873 per
1042 2788 1077 2852 id
1110 2788 1266 2872 temporis
1298 2793 1393 2852 erant

347 2892 524 2975 plurimum
548 2892 636 2977 apud
663 2892 769 2977 ipsum
802 2895 952 2955 sanctum
986 2890 1202 2955 confessorem
1225 2891 1391 2955 valebant.

350 2993 445 3058 Unde
469 3016 595 3079 semper
617 2994 691 3058 illos
714 2995 757 3057 ab
780 2992 928 3057 hostibus
952 2992 1132 3072 defendere,
1156 2997 1190 3056 et
1211 2993 1253 3057 ad
1276 2993 1391 3057 adver·

348 3097 439 3159 sariis
462 3096 572 3161 illatas
595 3096 734 3181 injurias
756 3096 917 3160 maturius
940 3095 1066 3159 solebat
1088 3095 1263 3160 vindicare.

394 3294 543 3360 Cautone
574 3318 712 3382 regnum
734 3298 918 3384 Anglorum
945 3302 1087 3374 tenente,
1109 3298 1259 3373 Alfricus,
1284 3296 1388 3382 Wyu-
1403 3312 1528 3366 Alfficof

349 3398 504 3461 tomensis
528 3398 669 3464 ecclcsiae
693 3402 895 3487 praepositus,
919 3401 1097 3466 assumitur
1119 3402 1154 3464 in
1176 3400 1387 3486 praesulatum
1401 3381 1539 3500 {iffi}

350 3498 561 3564 Eboracensis
592 3503 739 3568 ecclesiae.
796 3503 860 3567 His
897 3505 1039 3591 primum
1077 3504 1237 3588 quaeritur
1274 3508 1389 3570 eontra
1402 3515 1545 3581 arehop.0s

349 3598 560 3665 Duuelmium
604 3604 791 3690 episcopum
837 3606 1058 3684 Edmundum,
1096 3628 1160 3691 quo
1200 3606 1276 3690 jure
1320 3608 1389 3694 ipse
1403 3582 1555 3701 Xf'fflm

350 3702 1388 3788 Hungus.........

658 3909 738 3995 [rte
760 3917 824 3975 reat
846 3910 878 3974 ia
899 3911 1078 4009 cocotc'op]

860 4092 866 4098 .
878 4092 1007 4099 .---—-
1032 4093 1040 4097 -
1054 4092 1385 4102 .--—--—-—-·-——

655 4197 662 4224 ¹
675 4193 790 4260 Anplr'co]
805 4194 860 4246 MS.
872 4196 945 4244 reads
956 4193 1077 4259 Anqelao.
