3817 6450
721 1214 826 1265 meua
851 1214 898 1265 un
922 1213 1029 1264 nrm.
1356 1192 1399 1264 79

349 1416 383 1478 et
409 1410 583 1498 sapienter,
606 1407 750 1495 Spiritus
776 1405 892 1472 Sancti
921 1405 1085 1470 instinctu
1111 1402 1330 1470 commonitus
1360 1402 1401 1470 de

349 1513 541 1584 aedificando
562 1511 770 1592 monasterio,
794 1531 869 1576 eum
892 1508 1055 1575 allocutus
1078 1511 1137 1574 eat.

352 1859 383 1947 [ξ
401 1860 444 1946 2]
493 1856 688 1945 Propoaa'tio
719 1856 938 1944 panopolis
981 1877 1092 1922 ceruam
1134 1876 1238 1942 pausare
1264 1853 1401 1921 Novum

437 1960 646 2048 aedificatum
677 1967 724 2028 cet
746 1958 1003 2050 Moaurstcrium
1035 1959 1079 2025 la
1107 1956 1305 2046 'Wy'atoaia
1341 1957 1400 2023 io-

439 2063 534 2153 cipit.

392 2207 515 2273 “Licet
537 2213 633 2295 pater
647 2206 786 2287 vester,'’
810 2205 929 2292 inquit,
948 2211 965 2241 ‘⁶
983 2205 1115 2270 domine
1131 2225 1200 2284 rex,
1225 2225 1324 2292 super
1347 2226 1399 2269 me
1421 2213 1490 2265 Ab.
1503 2220 1559 2266 eor.

352 2319 368 2346 “
389 2309 588 2398 imposuerit,
611 2316 651 2375 ut
672 2316 783 2376 vester
812 2308 1017 2376 consiliarius
1039 2317 1073 2373 et
1095 2308 1234 2373 intimus
1255 2307 1398 2385 fuissem,
1412 2298 1566 2415 fflffifflfl

351 2420 368 2450 “
389 2415 474 2479 sicut
489 2436 567 2479 auus
583 2414 705 2494 extiti;
728 2419 841 2479 tamen
863 2412 991 2478 nullam
1011 2411 1165 2476 fiduciam
1188 2411 1251 2475 sibi
1275 2432 1316 2476 ex
1338 2383 1558 2484 humatam

352 2524 368 2551 “
389 2539 424 2581 re
447 2518 596 2604 promisi.
652 2516 793 2582 Proinde
815 2519 1001 2603 prostratus
1023 2514 1163 2600 pedibus
1185 2514 1314 2592 vestris,
1338 2514 1399 2579 hu·
1412 2499 1545 2616 's‘lffffi‘ss'm

292 2684 294 2687 ,
351 2624 368 2653 “
390 2619 512 2687 militer
534 2641 622 2707 roge,
639 2628 678 2685 ut
693 2619 777 2684 mihi
793 2618 1101 2706 praepollentissima
1114 2624 1228 2684 vestra
1242 2619 1399 2684 excellen-
1411 2632 1561 2684 ofalfrea’s

350 2723 437 2789 “tia
467 2723 638 2788 licentiam
670 2722 827 2809 dignetur
858 2720 988 2799 donare,
1023 2727 1187 2807 quatenus
1216 2722 1260 2786 ad
1286 2743 1398 2786 mona·
1411 2709 1552 2817 {mm

351 2826 524 2892 “sterium
548 2831 708 2904 nostrum,
734 2824 806 2889 Deo
821 2825 975 2901 donante,
998 2825 1120 2911 possim
1143 2823 1279 2891 redire.”
1324 2825 1399 2891 Hoc
1412 2834 1476 2883 Neu
1489 2834 1559 2883 Min-

350 2930 470 3009 audito,
503 2950 563 2994 rex
596 2928 831 3006 sanctissimus,
863 2950 906 2993 ex
932 2929 1002 2993 alto
1033 2929 1129 2994 corde
1159 2929 1332 3016 ingemuit,
1364 2903 1558 3019 etffirr’gffis

349 3053 466 3119 magno
489 3053 629 3098 moerore
659 3031 811 3108 suffusam,
836 3031 1034 3097 obtestando
1057 3032 1249 3118 deprecatus
1273 3039 1331 3112 est,
1356 3054 1399 3096 ne
1565 3054 1591 3096 ιι

349 3135 439 3201 illum
455 3135 561 3222 quoad
587 3136 724 3212 viveret,
749 3135 930 3214 desereret;
953 3133 1078 3218 majora
1101 3140 1135 3198 et
1157 3135 1318 3220 ampliora
1339 3156 1399 3200 suo

350 3245 439 3327 patre
477 3240 685 3326 promittens,
723 3243 939 3325 augmentare
977 3243 1012 3302 et
1047 3237 1218 3302 meliorare
1249 3242 1398 3302 sanctam

350 3342 522 3422 ecclesiam,
569 3341 698 3407 fautore
732 3341 812 3422 Deo,
864 3341 932 3405 suis
975 3339 1181 3404 utilitatibus
1226 3341 1397 3426 spondens.

350 3443 452 3525 Quem
468 3466 542 3509 cum
558 3444 785 3509 sanctissimus
800 3444 854 3508 vir
875 3464 935 3530 pro
959 3465 1019 3506 sua
1033 3443 1245 3507 veneratione
1268 3448 1303 3508 et
1325 3443 1397 3530 dig-

350 3547 454 3613 nitate
485 3547 590 3613 nollet
628 3547 799 3623 offendere,
832 3568 867 3610 se
898 3567 1136 3625 remansurum,
1168 3546 1327 3631 promisit,
1359 3568 1398 3611 ea

350 3650 543 3731 conditione,
560 3656 599 3714 ut
614 3650 655 3714 de
669 3671 729 3714 suo
748 3649 825 3735 jure
841 3650 871 3713 ei
887 3648 1050 3713 tribueret
1072 3652 1205 3713 tantum
1230 3649 1397 3735 spatium¹

349 3759 442 3819 terrm
480 3755 516 3818 in
546 3752 712 3818 Wentana
742 3751 832 3830 urbe,
859 3750 917 3815 nbi
952 3751 1152 3838 condignum
1184 3750 1254 3816 Deo
1288 3774 1398 3817 coeno-

349 3855 438 3920 bium
461 3860 572 3942 posset
594 3856 779 3934 aedificare;
802 3855 880 3940 quia
902 3875 1064 3919 summam
1080 3855 1225 3940 quietem
1248 3854 1396 3920 ordinem

304 3948 306 3954 ’
350 3959 586 4024 monachorum
608 3958 697 4023 dixit
719 3979 872 4044 quaerere.
921 3957 995 4021 Rex
1019 3963 1142 4035 autem,
1169 3958 1286 4023 audito
1308 3958 1395 4044 qnod

349 4082 512 4126 remanere
543 4060 655 4136 vellet,
688 4061 850 4145 lacrymas
880 4081 948 4146 prae
980 4059 1102 4146 gaudio
1134 4059 1241 4140 sudit;
1274 4066 1307 4126 et
1338 4083 1396 4147 per

349 4164 423 4241 vim,
449 4170 572 4230 terram
595 4163 636 4228 de
658 4157 763 4228 'veteri
791 4162 991 4227 monasterio
1014 4163 1050 4226 in
1073 4186 1138 4248 quo
1161 4185 1284 4228 novum
1315 4165 1395 4229 aedi·

349 4267 457 4333 ficaret
477 4267 621 4354 accipere
637 4266 752 4330 voluit.
800 4265 897 4345 Quod
919 4269 1063 4342 sanctus,
1085 4266 1141 4352 pio
1164 4272 1204 4330 ut
1227 4271 1299 4332 erat
1321 4290 1394 4353 pec-

349 4373 424 4451 tore‚
455 4369 625 4456 prohibuit
656 4368 749 4449 fieri;
784 4368 903 4445 dicens,
935 4367 1023 4454 quod
1055 4390 1121 4433 non
1152 4369 1295 4455 placeret
1325 4370 1395 4435 Deo

348 4472 538 4539 sacrificium
555 4472 594 4537 de
610 4472 741 4558 rapinis.
789 4471 855 4535 Sed
878 4472 983 4558 magis
1007 4470 1090 4536 illud
1107 4471 1199 4537 dedit
1214 4473 1394 4553 consilium,
1408 4486 1451 4537 sol.
1468 4493 1497 4537 ra
1510 4489 1533 4538 d.

348 4581 385 4641 ut
404 4577 438 4641 in
457 4575 537 4640 urbe
554 4575 719 4640 Wentana
738 4574 936 4639 coadunaret
954 4595 1067 4639 omnes
1088 4580 1193 4640 coetus
1208 4577 1393 4661 prmsulum,

348 4679 513 4755 abbatum,
537 4685 571 4743 ct
597 4679 794 4753 clericorum,
817 4699 944 4742 necnon
968 4684 1001 4742 et
1025 4678 1184 4742 nobilium
1217 4677 1395 4760 laicorum3

349 4789 380 4845 et
411 4783 555 4868 aperiret
577 4783 624 4845 eis
646 4803 739 4845 suam
772 4780 982 4859 devotionem
1006 4781 1045 4844 de
1068 4782 1309 4846 constructione
1332 4804 1395 4846 cor-

359 4966 432 4975 --n--
439 4969 455 4973 -
463 4968 479 4973 -.
487 4967 548 4973 κ.--

743 5083 750 5112 ¹
763 5081 828 5141 MS,
842 5084 905 5133 tetuli
915 5084 999 5146 apelii.
