3817 6450
776 1152 965 1210 nermmna
1326 1148 1392 1216 ala

395 1338 504 1424 Igitur
529 1339 740 1405 Lacdovvicus
761 1362 821 1404 rex
845 1340 1045 1406 Francorum
1076 1348 1274 1429 congregato
1303 1366 1396 1409 exer·

349 1442 428 1520 citu,
452 1464 525 1506 cum
549 1446 676 1506 statuto
699 1447 844 1527 tempore
867 1443 1106 1509 Normanniam
1130 1446 1262 1510 deberet
1277 1445 1394 1510 irrum-

355 1566 439 1630 pere,
470 1543 712 1630 Drogonemde
738 1544 904 1610 Monciato
928 1547 1102 1612 adversum
1126 1570 1160 1612 se
1182 1547 1394 1613 rebellantem

350 1646 497 1722 incurrit,
517 1652 551 1711 ct
573 1669 647 1711 oum
671 1651 743 1711 toto
766 1648 912 1712 exercitu
935 1649 978 1713 ad
1006 1651 1222 1715 obsidendum
1254 1672 1329 1714 eum
1358 1651 1394 1714 in

351 1749 507 1834 praedicto
530 1753 634 1814 castro
657 1773 691 1814 se
714 1751 885 1816 convertit.
933 1752 1007 1832 Qua
1029 1751 1198 1817 obsidione
1220 1753 1395 1838 praedictus

348 1874 405 1915 rex
437 1859 612 1937 occupatus
647 1856 808 1918 statutam
831 1852 1048 1920 Normanniae
1071 1854 1290 1941 irruptionem
1312 1877 1396 1940 prae·

348 1953 495 2018 termisit.
558 1954 770 2019 Baldevvinus
793 1977 921 2041 quoque
944 1978 1051 2021 comes
1076 1956 1296 2036 Flandrensis,
1323 1979 1395 2042 per·
1408 1971 1491 2022 count

348 2062 503 2141 sequente
544 2079 620 2121 eum
652 2057 766 2122 divino
800 2058 935 2143 judicio,
972 2060 1051 2124 dum
1094 2060 1183 2146 apud
1225 2059 1394 2124 castellum
1407 2039 1565 2157 {fflfff

349 2159 455 2225 Oense
478 2181 551 2224 cum
575 2162 641 2226 suis
664 2161 821 2226 adversus
844 2162 967 2226 milites
989 2162 1076 2247 regis
1100 2162 1237 2227 Henrici
1258 2163 1395 2227 militari
1408 2174 1524 2237 mortally

347 2262 424 2327 ludo
447 2263 636 2344 decertaret,
669 2268 738 2327 tam
761 2264 964 2329 validissimo
986 2265 1089 2352 gladii
1111 2265 1181 2330 ictu
1210 2287 1231 2329 a
1253 2264 1393 2351 quodam
1408 2242 1539 2355 ssssfflffed'

347 2386 515 2450 percussus
536 2371 587 2429 est
610 2388 651 2429 ex
674 2367 841 2452 inproviso
864 2366 982 2432 subtus
1002 2366 1174 2454 palpebras
1195 2367 1232 2431 in
1254 2368 1395 2432 confinio
1407 2373 1535 2438 besieging

347 2469 464 2532 frontis
486 2474 521 2532 et
542 2469 622 2546 nasi,
647 2475 686 2534 ut
708 2470 772 2534 nisi
803 2470 926 2535 duritia
955 2470 1058 2557 galeae
1080 2468 1273 2549 obstitisset,
1289 2471 1395 2535 vitam
1408 2438 1476 2568 gip
1491 2511 1561 2556 111⁸.

350 2592 423 2636 cum
447 2572 554 2656 capite
589 2571 742 2636 funditus
775 2574 946 2639 amisisset.
994 2571 1147 2657 Denique
1178 2573 1252 2658 plus
1286 2573 1395 2637 dolore

347 2696 444 2759 quam
466 2674 602 2739 vulnere
624 2674 797 2755 sauciatur,
821 2698 894 2740 enm
928 2676 1031 2761 igitur
1053 2675 1220 2740 consulere
1251 2676 1394 2755 deberet,
1408 2695 1450 2744 1⁴01.
1463 2700 1491 2745 17
1505 2697 1528 2746 b.

347 2782 455 2864 posset
477 2778 574 2856 enim,
591 2782 630 2841 ut
652 2778 757 2857 aiunt,
782 2801 823 2842 ex
847 2779 962 2843 eodem
977 2778 1049 2843 ictu
1065 2777 1152 2843 bene
1167 2779 1390 2844 convalescere

347 2886 485 2945 mortem
509 2880 573 2943 sibi
596 2880 695 2944 miser
717 2881 920 2946 acceleravit.
977 2879 1068 2945 Nam
1092 2900 1166 2945 cum
1192 2882 1307 2946 eodem
1341 2882 1395 2946 die

349 2984 527 3047 Pontetum
543 2982 582 3068 [1]
595 2983 740 3060 veniens,
753 2985 841 3068 apud
853 2982 985 3049 abbatis
996 2983 1111 3049 villam
1122 2983 1295 3049 venenatis
1304 2983 1393 3063 cibis,

345 3086 432 3150 alliis
454 3085 577 3149 scilicet
599 3092 633 3150 et
655 3086 760 3166 melle,
783 3107 816 3149 se
838 3085 1068 3172 ingurgitavit,
1093 3089 1126 3151 et
1159 3087 1262 3151 totius
1285 3107 1395 3171 corpo

347 3189 391 3252 ris
422 3187 628 3252 debilitatem
652 3189 800 3266 incurrit,
834 3190 944 3274 sicque
973 3189 1221 3275 ingravescente
1255 3188 1392 3254 infimi-

347 3297 416 3356 tate
438 3313 498 3355 nec
521 3293 700 3356 exereitum
724 3314 921 3378 congregare
954 3314 1014 3357 nec
1046 3296 1183 3358 statutae
1217 3292 1392 3378 irruptioni

347 3394 454 3481 potuit
476 3416 649 3459 occurrere.
682 3393 797 3459 Comes
819 3402 854 3459 et
875 3394 1131 3481 Andegavensis,
1146 3395 1204 3481 qui
1226 3393 1393 3461 Almarico
1407 3401 1549 3453 Fai1ureos

347 3497 509 3561 avunculo
533 3519 591 3561 suo
614 3502 729 3561 contra
761 3519 871 3583 regem
903 3498 1086 3563 Hemicum
1117 3497 1280 3562 auxilium
1312 3468 1562 3564 fere-thebeam.

346 3600 413 3676 bat,
452 3600 509 3684 qui
546 3606 680 3685 propter
718 3601 910 3665 comitatum
949 3601 1159 3678 Eborensem,
1190 3622 1288 3686 quem
1330 3601 1393 3665 sibi

346 3703 478 3788 quidam
502 3703 683 3768 avunculus
706 3724 783 3767 suus
805 3704 947 3768 moriens
969 3708 1004 3768 et
1025 3702 1136 3767 liberis
1157 3724 1270 3768 carens
1293 3703 1394 3769 haere-

348 3806 469 3870 ditario
502 3805 578 3889 jure
627 3805 815 3890 reliquerat,
852 3806 1012 3871 adversus
1058 3827 1168 3893 regem
1212 3804 1394 3872 Henricum

348 3908 489 3973 eundem
512 3907 707 3973 comitatum
732 3908 796 3972 sibi
819 3908 1023 3974 auferentem
1047 3930 1141 3973 arma
1163 3915 1395 3988 commoverat,

348 4011 543 4096 quibusdam
566 4011 672 4074 causis
695 4016 869 4097 occupatus
892 4011 1061 4096 praedietoe
1090 4011 1267 4099 irruptioni
1282 4011 1394 4077 adesse

349 4137 413 4178 non
436 4113 571 4198 potuit3
604 4113 716 4197 sicque
745 4113 921 4178 manifesto
944 4113 1009 4177 Dei
1037 4111 1165 4197 judicio
1196 4113 1395 4179 factumest

349 4222 386 4281 ut
409 4221 523 4280 tantus
545 4215 623 4278 belli
647 4218 823 4300 apparatus
846 4219 1082 4301 tantorumque
1104 4221 1241 4280 conatus
1275 4216 1393 4302 prinei·

348 4341 426 4404 pum
459 4317 681 4396 frustraretur,
705 4324 740 4383 et
773 4339 832 4382 rex
864 4318 1028 4382 Henricns
1061 4338 1136 4382 cum
1165 4318 1301 4383 subdita
1331 4318 1394 4383 sibi

347 4421 478 4486 eeclesia
501 4425 633 4506 propter
655 4421 756 4505 digna
777 4420 977 4484 humilitatis
999 4424 1034 4484 et
1066 4420 1274 4506 poenitentiae
1297 4442 1395 4507 opera

347 4523 598 4590 misericordiam
621 4523 756 4587 Domini
778 4527 813 4587 et
834 4523 996 4586 auxilium
1018 4522 1230 4608 experiretur.

391 4628 491 4691 Anne
514 4626 556 4689 ab
587 4625 813 4707 incarnatione
846 4624 983 4689 Domini
1014 4622 1179 4704 11⁰c⁰xlx.,
1206 4623 1559 4690 IndictioneA11111a.

348 4730 412 4807 xii,
433 4729 634 4814 Apostolicae
660 4728 738 4792 Sedi
755 4728 954 4813 praesidente
977 4750 1063 4815 papa
1085 4727 1218 4794 Calixto
1240 4727 1391 4804 secunde,
1405 4702 1522 4820 {³33⁸

348 4853 456 4896 mense
479 4833 641 4917 Augusto,
673 4854 729 4894 xx.
758 4831 810 4895 die
842 4830 963 4896 mensis
1001 4831 1156 4915 ejusdem,
1188 4830 1311 4895 factum
1342 4835 1494 4895 estvarin

348 4936 467 5000 bellum
493 4936 527 4998 in
551 4935 756 4998 Normannia
778 4935 867 4997 inter
902 4934 1112 5000 Lodowicum
1146 4954 1254 5019 regem
1289 4933 1393 4998 Fran·
1405 4902 1558 4971 Nomaney.

348 5061 459 5105 norum
482 5045 516 5103 et
541 5037 721 5102 Henricum
745 5058 854 5123 regem
877 5036 1192 5127 Nom-Anglorum,
1208 5035 1301 5121 cujus
1315 5036 1392 5102 belli
