<?xml version="1.0" encoding="UTF-8"?>
<!DOCTYPE html PUBLIC "-//W3C//DTD XHTML 1.0 Transitional//EN"
    "http://www.w3.org/TR/xhtml1/DTD/xhtml1-transitional.dtd">
<html xmlns="http://www.w3.org/1999/xhtml" xml:lang="en" lang="en">
 <head>
  <title>
</title>
<meta http-equiv="Content-Type" content="text/html;charset=utf-8" />
  <meta name='ocr-system' content='tesseract 3.04.00' />
  <meta name='ocr-capabilities' content='ocr_page ocr_carea ocr_par ocr_line ocrx_word'/>
</head>
<body>
  <div class='ocr_page' id='page_1' title='image "./libermonasterii00edwagoog_0179.png"; bbox 0 0 3817 6450; ppageno 0'>
   <div class='ocr_carea' id='block_1_1' title="bbox 682 1196 1457 1266">
    <p class='ocr_par' dir='ltr' id='par_1_1' title="bbox 682 1196 1457 1266">
     <span class='ocr_line' id='line_1_1' title="bbox 682 1196 1457 1266; baseline 0.006 -15"><span class='ocrx_word' id='word_1_1' title='bbox 682 1202 785 1252; x_wconf 82' lang='grc'><strong>111111</strong></span> <span class='ocrx_word' id='word_1_2' title='bbox 807 1203 983 1253; x_wconf 79' lang='grc'><strong>1111111111.</strong></span> <span class='ocrx_word' id='word_1_3' title='bbox 1314 1196 1355 1261; x_wconf 80' lang='grc'>51</span> <span class='ocrx_word' id='word_1_4' title='bbox 1455 1263 1457 1266; x_wconf 57' lang='grc'><strong>,</strong></span> 
     </span>
    </p>
   </div>
   <div class='ocr_carea' id='block_1_2' title="bbox 323 1391 1524 5095">
    <p class='ocr_par' dir='ltr' id='par_1_2' title="bbox 323 1391 1524 4679">
     <span class='ocr_line' id='line_1_2' title="bbox 323 1391 1524 1480; baseline 0.007 -23"><span class='ocrx_word' id='word_1_5' title='bbox 323 1414 324 1417; x_wconf 65' lang='grc'>’</span> <span class='ocrx_word' id='word_1_6' title='bbox 444 1396 514 1457; x_wconf 80' lang='lat' dir='ltr'>tete</span> <span class='ocrx_word' id='word_1_7' title='bbox 536 1391 705 1477; x_wconf 73' lang='lat' dir='ltr'><strong>conquesti</strong></span> <span class='ocrx_word' id='word_1_8' title='bbox 734 1411 854 1468; x_wconf 87' lang='lat' dir='ltr'>sumus,</span> <span class='ocrx_word' id='word_1_9' title='bbox 877 1396 913 1457; x_wconf 83' lang='lat' dir='ltr'>et</span> <span class='ocrx_word' id='word_1_10' title='bbox 935 1396 1039 1457; x_wconf 82' lang='lat' dir='ltr'>terras</span> <span class='ocrx_word' id='word_1_11' title='bbox 1068 1391 1156 1478; x_wconf 82' lang='lat' dir='ltr'>ipsos</span> <span class='ocrx_word' id='word_1_12' title='bbox 1186 1414 1268 1480; x_wconf 84' lang='lat' dir='ltr'>quas</span> <span class='ocrx_word' id='word_1_13' title='bbox 1298 1412 1524 1466; x_wconf 68' lang='grc'><strong>1111111151</strong></span> 
     </span>
     <span class='ocr_line' id='line_1_3' title="bbox 445 1492 1357 1581; baseline 0.001 -22"><span class='ocrx_word' id='word_1_14' title='bbox 445 1493 635 1581; x_wconf 88' lang='lat' dir='ltr'>Athulphus</span> <span class='ocrx_word' id='word_1_15' title='bbox 656 1492 753 1559; x_wconf 91' lang='lat' dir='ltr'>nobis</span> <span class='ocrx_word' id='word_1_16' title='bbox 777 1495 924 1575; x_wconf 84' lang='lat' dir='ltr'>donavit,</span> <span class='ocrx_word' id='word_1_17' title='bbox 942 1495 1118 1560; x_wconf 90' lang='lat' dir='ltr'>dummodo</span> <span class='ocrx_word' id='word_1_18' title='bbox 1140 1495 1357 1561; x_wconf 88' lang='lat' dir='ltr'>Ethelboldus</span> 
     </span>
     <span class='ocr_line' id='line_1_4' title="bbox 446 1598 1358 1685; baseline 0.002 -23"><span class='ocrx_word' id='word_1_19' title='bbox 446 1598 555 1662; x_wconf 82' lang='lat' dir='ltr'>fueret</span> <span class='ocrx_word' id='word_1_20' title='bbox 577 1603 748 1685; x_wconf 88' lang='lat' dir='ltr'>superstes,</span> <span class='ocrx_word' id='word_1_21' title='bbox 772 1604 894 1685; x_wconf 87' lang='lat' dir='ltr'>praeter</span> <span class='ocrx_word' id='word_1_22' title='bbox 915 1598 999 1663; x_wconf 91' lang='lat' dir='ltr'>illud</span> <span class='ocrx_word' id='word_1_23' title='bbox 1022 1600 1111 1685; x_wconf 92' lang='lat' dir='ltr'>quod</span> <span class='ocrx_word' id='word_1_24' title='bbox 1134 1600 1229 1664; x_wconf 93' lang='lat' dir='ltr'>nobis</span> <span class='ocrx_word' id='word_1_25' title='bbox 1252 1599 1358 1664; x_wconf 87' lang='lat' dir='ltr'>tribus</span> 
     </span>
     <span class='ocr_line' id='line_1_5' title="bbox 444 1700 1356 1790; baseline 0.003 -25"><span class='ocrx_word' id='word_1_26' title='bbox 444 1700 599 1767; x_wconf 80' lang='lat' dir='ltr'>fratribus</span> <span class='ocrx_word' id='word_1_27' title='bbox 622 1705 717 1788; x_wconf 85' lang='lat' dir='ltr'>peter</span> <span class='ocrx_word' id='word_1_28' title='bbox 746 1707 857 1768; x_wconf 86' lang='lat' dir='ltr'>noster</span> <span class='ocrx_word' id='word_1_29' title='bbox 879 1723 938 1767; x_wconf 84' lang='lat' dir='ltr'>rex</span> <span class='ocrx_word' id='word_1_30' title='bbox 962 1701 1155 1789; x_wconf 86' lang='lat' dir='ltr'>Athulphus</span> <span class='ocrx_word' id='word_1_31' title='bbox 1184 1703 1356 1790; x_wconf 83' lang='lat' dir='ltr'>delegavit.</span> 
     </span>
     <span class='ocr_line' id='line_1_6' title="bbox 445 1803 1357 1891; baseline 0.003 -23"><span class='ocrx_word' id='word_1_32' title='bbox 445 1803 490 1869; x_wconf 81' lang='lat' dir='ltr'>Et</span> <span class='ocrx_word' id='word_1_33' title='bbox 511 1826 606 1890; x_wconf 88' lang='lat' dir='ltr'>super</span> <span class='ocrx_word' id='word_1_34' title='bbox 629 1805 699 1881; x_wconf 87' lang='lat' dir='ltr'>hoc,</span> <span class='ocrx_word' id='word_1_35' title='bbox 721 1806 946 1891; x_wconf 84' lang='lat' dir='ltr'>unusquisque</span> <span class='ocrx_word' id='word_1_36' title='bbox 968 1812 1119 1871; x_wconf 87' lang='lat' dir='ltr'>nostrum</span> <span class='ocrx_word' id='word_1_37' title='bbox 1142 1807 1238 1872; x_wconf 83' lang='lat' dir='ltr'>alteri</span> <span class='ocrx_word' id='word_1_38' title='bbox 1259 1807 1357 1871; x_wconf 89' lang='lat' dir='ltr'>fidem</span> 
     </span>
     <span class='ocr_line' id='line_1_7' title="bbox 445 1908 1358 1995; baseline 0 -22"><span class='ocrx_word' id='word_1_39' title='bbox 445 1908 591 1973; x_wconf 80' lang='lat' dir='ltr'>firmavit</span> <span class='ocrx_word' id='word_1_40' title='bbox 614 1908 702 1994; x_wconf 93' lang='lat' dir='ltr'>quod</span> <span class='ocrx_word' id='word_1_41' title='bbox 725 1909 798 1995; x_wconf 86' lang='lat' dir='ltr'>quis</span> <span class='ocrx_word' id='word_1_42' title='bbox 812 1913 964 1975; x_wconf 89' lang='lat' dir='ltr'>nostrum</span> <span class='ocrx_word' id='word_1_43' title='bbox 980 1909 1107 1975; x_wconf 91' lang='lat' dir='ltr'>diutius</span> <span class='ocrx_word' id='word_1_44' title='bbox 1122 1910 1195 1975; x_wconf 84' lang='lat' dir='ltr'>vita-</span> <span class='ocrx_word' id='word_1_45' title='bbox 1209 1908 1358 1987; x_wconf 75' lang='lat' dir='ltr'>viveret,l</span> 
     </span>
     <span class='ocr_line' id='line_1_8' title="bbox 444 2010 1361 2097; baseline 0.003 -24"><span class='ocrx_word' id='word_1_46' title='bbox 444 2010 513 2097; x_wconf 87' lang='lat' dir='ltr'>ipse</span> <span class='ocrx_word' id='word_1_47' title='bbox 547 2012 683 2077; x_wconf 81' lang='lat' dir='ltr'>ulterius</span> <span class='ocrx_word' id='word_1_48' title='bbox 720 2016 826 2076; x_wconf 85' lang='lat' dir='ltr'>terras</span> <span class='ocrx_word' id='word_1_49' title='bbox 858 2012 1047 2097; x_wconf 80' lang='lat' dir='ltr'>possideret,</span> <span class='ocrx_word' id='word_1_50' title='bbox 1083 2018 1117 2077; x_wconf 88' lang='lat' dir='ltr'>et</span> <span class='ocrx_word' id='word_1_51' title='bbox 1150 2013 1296 2077; x_wconf 80' lang='lat' dir='ltr'>dominia</span> <span class='ocrx_word' id='word_1_52' title='bbox 1326 2017 1361 2077; x_wconf 90' lang='lat' dir='ltr'>et</span> 
     </span>
     <span class='ocr_line' id='line_1_9' title="bbox 444 2114 1359 2202; baseline 0.002 -25"><span class='ocrx_word' id='word_1_53' title='bbox 444 2114 554 2178; x_wconf 82' lang='lat' dir='ltr'>omnia</span> <span class='ocrx_word' id='word_1_54' title='bbox 577 2136 650 2200; x_wconf 83' lang='lat' dir='ltr'>quae</span> <span class='ocrx_word' id='word_1_55' title='bbox 672 2115 724 2181; x_wconf 87' lang='lat' dir='ltr'>sui</span> <span class='ocrx_word' id='word_1_56' title='bbox 746 2120 850 2193; x_wconf 82' lang='lat' dir='ltr'>erunt,</span> <span class='ocrx_word' id='word_1_57' title='bbox 874 2120 997 2201; x_wconf 82' lang='lat' dir='ltr'>prester</span> <span class='ocrx_word' id='word_1_58' title='bbox 1011 2115 1101 2180; x_wconf 81' lang='lat' dir='ltr'>illem</span> <span class='ocrx_word' id='word_1_59' title='bbox 1118 2121 1246 2201; x_wconf 81' lang='lat' dir='ltr'>partem</span> <span class='ocrx_word' id='word_1_60' title='bbox 1262 2138 1359 2202; x_wconf 86' lang='lat' dir='ltr'>quam</span> 
     </span>
     <span class='ocr_line' id='line_1_10' title="bbox 445 2217 1361 2305; baseline 0.003 -26"><span class='ocrx_word' id='word_1_61' title='bbox 445 2221 583 2303; x_wconf 90' lang='lat' dir='ltr'>uterque</span> <span class='ocrx_word' id='word_1_62' title='bbox 621 2224 772 2283; x_wconf 85' lang='lat' dir='ltr'>nostrum</span> <span class='ocrx_word' id='word_1_63' title='bbox 802 2217 880 2283; x_wconf 80' lang='lat' dir='ltr'>filiis</span> <span class='ocrx_word' id='word_1_64' title='bbox 911 2218 1048 2283; x_wconf 86' lang='lat' dir='ltr'>alterins</span> <span class='ocrx_word' id='word_1_65' title='bbox 1079 2218 1210 2305; x_wconf 82' lang='lat' dir='ltr'>legavit.</span> <span class='ocrx_word' id='word_1_66' title='bbox 1257 2219 1302 2284; x_wconf 88' lang='lat' dir='ltr'>Et</span> <span class='ocrx_word' id='word_1_67' title='bbox 1332 2219 1361 2282; x_wconf 88' lang='lat' dir='ltr'>si</span> 
     </span>
     <span class='ocr_line' id='line_1_11' title="bbox 445 2320 1360 2407; baseline 0 -22"><span class='ocrx_word' id='word_1_68' title='bbox 445 2320 616 2407; x_wconf 79' lang='lat' dir='ltr'>contingat</span> <span class='ocrx_word' id='word_1_69' title='bbox 642 2321 730 2405; x_wconf 87' lang='lat' dir='ltr'>quod</span> <span class='ocrx_word' id='word_1_70' title='bbox 762 2321 948 2386; x_wconf 86' lang='lat' dir='ltr'>Etheredus</span> <span class='ocrx_word' id='word_1_71' title='bbox 982 2344 1041 2386; x_wconf 85' lang='lat' dir='ltr'>rex</span> <span class='ocrx_word' id='word_1_72' title='bbox 1075 2328 1154 2387; x_wconf 85' lang='lat' dir='ltr'>ante</span> <span class='ocrx_word' id='word_1_73' title='bbox 1187 2344 1239 2387; x_wconf 92' lang='lat' dir='ltr'>me</span> <span class='ocrx_word' id='word_1_74' title='bbox 1271 2323 1360 2386; x_wconf 85' lang='lat' dir='ltr'>viam</span> 
     </span>
     <span class='ocr_line' id='line_1_12' title="bbox 444 2423 1361 2511; baseline 0.002 -24"><span class='ocrx_word' id='word_1_75' title='bbox 444 2423 606 2489; x_wconf 68' lang='lat' dir='ltr'>universae</span> <span class='ocrx_word' id='word_1_76' title='bbox 628 2424 736 2489; x_wconf 81' lang='lat' dir='ltr'>cernis</span> <span class='ocrx_word' id='word_1_77' title='bbox 758 2425 867 2490; x_wconf 83' lang='lat' dir='ltr'>fueret</span> <span class='ocrx_word' id='word_1_78' title='bbox 897 2425 1071 2511; x_wconf 77' lang='lat' dir='ltr'>ingressus,</span> <span class='ocrx_word' id='word_1_79' title='bbox 1097 2432 1219 2491; x_wconf 87' lang='lat' dir='ltr'>extunc</span> <span class='ocrx_word' id='word_1_80' title='bbox 1241 2432 1361 2511; x_wconf 83' lang='lat' dir='ltr'>praeter</span> 
     </span>
     <span class='ocr_line' id='line_1_13' title="bbox 445 2527 1360 2615; baseline 0.003 -25"><span class='ocrx_word' id='word_1_81' title='bbox 445 2547 584 2592; x_wconf 89' lang='lat' dir='ltr'>menon</span> <span class='ocrx_word' id='word_1_82' title='bbox 608 2528 762 2613; x_wconf 86' lang='lat' dir='ltr'>estquis,</span> <span class='ocrx_word' id='word_1_83' title='bbox 788 2527 843 2612; x_wconf 91' lang='lat' dir='ltr'>qui</span> <span class='ocrx_word' id='word_1_84' title='bbox 875 2549 973 2614; x_wconf 88' lang='lat' dir='ltr'>super</span> <span class='ocrx_word' id='word_1_85' title='bbox 1002 2528 1231 2594; x_wconf 83' lang='lat' dir='ltr'>haereditatem</span> <span class='ocrx_word' id='word_1_86' title='bbox 1262 2530 1360 2615; x_wconf 87' lang='lat' dir='ltr'>serip-</span> 
     </span>
     <span class='ocr_line' id='line_1_14' title="bbox 446 2630 1362 2717; baseline 0.003 -23"><span class='ocrx_word' id='word_1_87' title='bbox 446 2634 555 2694; x_wconf 82' lang='lat' dir='ltr'>turam</span> <span class='ocrx_word' id='word_1_88' title='bbox 585 2630 715 2705; x_wconf 75' lang='lat' dir='ltr'>habeat,</span> <span class='ocrx_word' id='word_1_89' title='bbox 746 2631 801 2695; x_wconf 91' lang='lat' dir='ltr'>vel</span> <span class='ocrx_word' id='word_1_90' title='bbox 831 2631 1068 2710; x_wconf 89' lang='lat' dir='ltr'>testimonium,</span> <span class='ocrx_word' id='word_1_91' title='bbox 1100 2652 1160 2696; x_wconf 87' lang='lat' dir='ltr'>nec</span> <span class='ocrx_word' id='word_1_92' title='bbox 1195 2633 1284 2717; x_wconf 91' lang='lat' dir='ltr'>quod</span> <span class='ocrx_word' id='word_1_93' title='bbox 1316 2631 1362 2697; x_wconf 89' lang='lat' dir='ltr'>sit</span> 
     </span>
     <span class='ocr_line' id='line_1_15' title="bbox 446 2731 1361 2818; baseline 0.003 -22"><span class='ocrx_word' id='word_1_94' title='bbox 446 2732 563 2817; x_wconf 83' lang='lat' dir='ltr'>aliquis</span> <span class='ocrx_word' id='word_1_95' title='bbox 585 2732 668 2797; x_wconf 81' lang='lat' dir='ltr'>nlius</span> <span class='ocrx_word' id='word_1_96' title='bbox 698 2731 803 2798; x_wconf 85' lang='lat' dir='ltr'>haeres</span> <span class='ocrx_word' id='word_1_97' title='bbox 833 2736 954 2818; x_wconf 84' lang='lat' dir='ltr'>praeter</span> <span class='ocrx_word' id='word_1_98' title='bbox 983 2755 1036 2798; x_wconf 91' lang='lat' dir='ltr'>me</span> <span class='ocrx_word' id='word_1_99' title='bbox 1067 2733 1216 2800; x_wconf 83' lang='lat' dir='ltr'>hebetur.</span> <span class='ocrx_word' id='word_1_100' title='bbox 1265 2734 1361 2814; x_wconf 81' lang='lat' dir='ltr'>Quod</span> 
     </span>
     <span class='ocr_line' id='line_1_16' title="bbox 446 2834 1359 2925; baseline 0.004 -27"><span class='ocrx_word' id='word_1_101' title='bbox 446 2836 474 2898; x_wconf 89' lang='lat' dir='ltr'>si</span> <span class='ocrx_word' id='word_1_102' title='bbox 495 2834 614 2921; x_wconf 81' lang='lat' dir='ltr'>aliquis</span> <span class='ocrx_word' id='word_1_103' title='bbox 636 2835 866 2902; x_wconf 77' lang='lat' dir='ltr'>haereditatem</span> <span class='ocrx_word' id='word_1_104' title='bbox 898 2838 1090 2925; x_wconf 73' lang='lat' dir='ltr'>praedictum</span> <span class='ocrx_word' id='word_1_105' title='bbox 1121 2838 1359 2917; x_wconf 76' lang='lat' dir='ltr'>acclamaverit,</span> 
     </span>
     <span class='ocr_line' id='line_1_17' title="bbox 440 2937 1360 3026; baseline 0.004 -23"><span class='ocrx_word' id='word_1_106' title='bbox 440 2937 498 3023; x_wconf 88' lang='lat' dir='ltr'>jus</span> <span class='ocrx_word' id='word_1_107' title='bbox 535 2962 631 3004; x_wconf 87' lang='lat' dir='ltr'>suum</span> <span class='ocrx_word' id='word_1_108' title='bbox 675 2940 801 3026; x_wconf 89' lang='lat' dir='ltr'>perdet,</span> <span class='ocrx_word' id='word_1_109' title='bbox 838 2940 902 3005; x_wconf 89' lang='lat' dir='ltr'>nisi</span> <span class='ocrx_word' id='word_1_110' title='bbox 942 2941 1040 3006; x_wconf 87' lang='lat' dir='ltr'>citius</span> <span class='ocrx_word' id='word_1_111' title='bbox 1082 2940 1123 3006; x_wconf 91' lang='lat' dir='ltr'>de</span> <span class='ocrx_word' id='word_1_112' title='bbox 1161 2942 1222 3007; x_wconf 93' lang='lat' dir='ltr'>hoc</span> <span class='ocrx_word' id='word_1_113' title='bbox 1259 2946 1360 3007; x_wconf 83' lang='lat' dir='ltr'>testes</span> 
     </span>
     <span class='ocr_line' id='line_1_18' title="bbox 446 3041 1360 3131; baseline 0.001 -26"><span class='ocrx_word' id='word_1_114' title='bbox 446 3041 596 3108; x_wconf 81' lang='lat' dir='ltr'>adducat.</span> <span class='ocrx_word' id='word_1_115' title='bbox 635 3042 682 3108; x_wconf 88' lang='lat' dir='ltr'>Et</span> <span class='ocrx_word' id='word_1_116' title='bbox 712 3048 793 3107; x_wconf 88' lang='lat' dir='ltr'>tunc</span> <span class='ocrx_word' id='word_1_117' title='bbox 822 3042 939 3107; x_wconf 81' lang='lat' dir='ltr'>audivi</span> <span class='ocrx_word' id='word_1_118' title='bbox 970 3045 1059 3129; x_wconf 91' lang='lat' dir='ltr'>quod</span> <span class='ocrx_word' id='word_1_119' title='bbox 1090 3066 1203 3110; x_wconf 90' lang='lat' dir='ltr'>omnes</span> <span class='ocrx_word' id='word_1_120' title='bbox 1230 3043 1360 3131; x_wconf 79' lang='lat' dir='ltr'>cognati</span> 
     </span>
     <span class='ocr_line' id='line_1_19' title="bbox 445 3144 1361 3233; baseline 0.003 -25"><span class='ocrx_word' id='word_1_121' title='bbox 445 3144 509 3210; x_wconf 89' lang='lat' dir='ltr'>mei</span> <span class='ocrx_word' id='word_1_122' title='bbox 538 3144 574 3208; x_wconf 92' lang='lat' dir='ltr'>in</span> <span class='ocrx_word' id='word_1_123' title='bbox 605 3167 753 3233; x_wconf 91' lang='lat' dir='ltr'>soporem</span> <span class='ocrx_word' id='word_1_124' title='bbox 785 3145 902 3210; x_wconf 85' lang='lat' dir='ltr'>mortis</span> <span class='ocrx_word' id='word_1_125' title='bbox 933 3146 1070 3211; x_wconf 76' lang='lat' dir='ltr'>resoluti</span> <span class='ocrx_word' id='word_1_126' title='bbox 1102 3153 1215 3227; x_wconf 81' lang='lat' dir='ltr'>erant3</span> <span class='ocrx_word' id='word_1_127' title='bbox 1247 3152 1282 3211; x_wconf 90' lang='lat' dir='ltr'>et</span> <span class='ocrx_word' id='word_1_128' title='bbox 1312 3147 1361 3211; x_wconf 81' lang='lat' dir='ltr'>ite</span> 
     </span>
     <span class='ocr_line' id='line_1_20' title="bbox 443 3247 1360 3335; baseline -0.002 -21"><span class='ocrx_word' id='word_1_129' title='bbox 443 3247 617 3314; x_wconf 70' lang='lat' dir='ltr'>haereditas</span> <span class='ocrx_word' id='word_1_130' title='bbox 663 3249 827 3335; x_wconf 88' lang='lat' dir='ltr'>Athulphi</span> <span class='ocrx_word' id='word_1_131' title='bbox 865 3248 960 3335; x_wconf 85' lang='lat' dir='ltr'>regis,</span> <span class='ocrx_word' id='word_1_132' title='bbox 999 3249 1103 3335; x_wconf 82' lang='lat' dir='ltr'>petris</span> <span class='ocrx_word' id='word_1_133' title='bbox 1137 3250 1201 3313; x_wconf 89' lang='lat' dir='ltr'>mei</span> <span class='ocrx_word' id='word_1_134' title='bbox 1235 3249 1277 3314; x_wconf 87' lang='lat' dir='ltr'>ad</span> <span class='ocrx_word' id='word_1_135' title='bbox 1307 3271 1360 3313; x_wconf 92' lang='lat' dir='ltr'>me</span> 
     </span>
     <span class='ocr_line' id='line_1_21' title="bbox 445 3350 1360 3439; baseline 0 -24"><span class='ocrx_word' id='word_1_136' title='bbox 445 3350 601 3417; x_wconf 81' lang='lat' dir='ltr'>devoluto</span> <span class='ocrx_word' id='word_1_137' title='bbox 623 3357 682 3431; x_wconf 87' lang='lat' dir='ltr'>est,</span> <span class='ocrx_word' id='word_1_138' title='bbox 713 3374 785 3439; x_wconf 80' lang='lat' dir='ltr'>per¹</span> <span class='ocrx_word' id='word_1_139' title='bbox 804 3351 953 3416; x_wconf 83' lang='lat' dir='ltr'>chartam</span> <span class='ocrx_word' id='word_1_140' title='bbox 988 3351 1067 3417; x_wconf 91' lang='lat' dir='ltr'>inde</span> <span class='ocrx_word' id='word_1_141' title='bbox 1100 3352 1290 3431; x_wconf 79' lang='lat' dir='ltr'>confectum,</span> <span class='ocrx_word' id='word_1_142' title='bbox 1324 3352 1360 3416; x_wconf 91' lang='lat' dir='ltr'>in</span> 
     </span>
     <span class='ocr_line' id='line_1_22' title="bbox 445 3454 1360 3542; baseline 0 -23"><span class='ocrx_word' id='word_1_143' title='bbox 445 3455 579 3520; x_wconf 92' lang='lat' dir='ltr'>consilio</span> <span class='ocrx_word' id='word_1_144' title='bbox 601 3460 714 3520; x_wconf 87' lang='lat' dir='ltr'>nostro</span> <span class='ocrx_word' id='word_1_145' title='bbox 737 3454 883 3542; x_wconf 83' lang='lat' dir='ltr'>generali</span> <span class='ocrx_word' id='word_1_146' title='bbox 906 3455 996 3541; x_wconf 79' lang='lat' dir='ltr'>apud</span> <span class='ocrx_word' id='word_1_147' title='bbox 1020 3455 1204 3542; x_wconf 85' lang='lat' dir='ltr'>Langdene.</span> <span class='ocrx_word' id='word_1_148' title='bbox 1253 3455 1360 3535; x_wconf 80' lang='lat' dir='ltr'>Quam</span> 
     </span>
     <span class='ocr_line' id='line_1_23' title="bbox 445 3557 1360 3645; baseline 0 -23"><span class='ocrx_word' id='word_1_149' title='bbox 445 3557 576 3644; x_wconf 90' lang='lat' dir='ltr'>quidem</span> <span class='ocrx_word' id='word_1_150' title='bbox 614 3558 761 3624; x_wconf 79' lang='lat' dir='ltr'>chortem</span> <span class='ocrx_word' id='word_1_151' title='bbox 792 3557 952 3623; x_wconf 80' lang='lat' dir='ltr'>literatim</span> <span class='ocrx_word' id='word_1_152' title='bbox 989 3557 1097 3645; x_wconf 85' lang='lat' dir='ltr'>legere</span> <span class='ocrx_word' id='word_1_153' title='bbox 1123 3557 1217 3644; x_wconf 90' lang='lat' dir='ltr'>jussi,</span> <span class='ocrx_word' id='word_1_154' title='bbox 1252 3580 1360 3625; x_wconf 84' lang='lat' dir='ltr'>corum</span> 
     </span>
     <span class='ocr_line' id='line_1_24' title="bbox 445 3661 1361 3750; baseline 0 -23"><span class='ocrx_word' id='word_1_155' title='bbox 445 3662 585 3727; x_wconf 85' lang='lat' dir='ltr'>testibus</span> <span class='ocrx_word' id='word_1_156' title='bbox 607 3662 712 3728; x_wconf 86' lang='lat' dir='ltr'>totius</span> <span class='ocrx_word' id='word_1_157' title='bbox 732 3661 981 3728; x_wconf 83' lang='lat' dir='ltr'>Westsaxoniae.</span> <span class='ocrx_word' id='word_1_158' title='bbox 1029 3661 1169 3742; x_wconf 82' lang='lat' dir='ltr'>Quando</span> <span class='ocrx_word' id='word_1_159' title='bbox 1189 3683 1268 3727; x_wconf 91' lang='lat' dir='ltr'>vero</span> <span class='ocrx_word' id='word_1_160' title='bbox 1289 3684 1361 3750; x_wconf 89' lang='lat' dir='ltr'>per-</span> 
     </span>
     <span class='ocr_line' id='line_1_25' title="bbox 446 3762 1360 3851; baseline 0.001 -21"><span class='ocrx_word' id='word_1_161' title='bbox 446 3765 529 3831; x_wconf 82' lang='lat' dir='ltr'>lecta</span> <span class='ocrx_word' id='word_1_162' title='bbox 556 3766 671 3843; x_wconf 85' lang='lat' dir='ltr'>fuerat,</span> <span class='ocrx_word' id='word_1_163' title='bbox 689 3769 769 3830; x_wconf 89' lang='lat' dir='ltr'>tunc</span> <span class='ocrx_word' id='word_1_164' title='bbox 792 3764 951 3830; x_wconf 82' lang='lat' dir='ltr'>mundavi</span> <span class='ocrx_word' id='word_1_165' title='bbox 973 3762 1048 3830; x_wconf 88' lang='lat' dir='ltr'>illos</span> <span class='ocrx_word' id='word_1_166' title='bbox 1071 3787 1183 3832; x_wconf 90' lang='lat' dir='ltr'>omnes</span> <span class='ocrx_word' id='word_1_167' title='bbox 1205 3765 1262 3851; x_wconf 89' lang='lat' dir='ltr'>qui</span> <span class='ocrx_word' id='word_1_168' title='bbox 1284 3765 1360 3831; x_wconf 83' lang='lat' dir='ltr'>ede·</span> 
     </span>
     <span class='ocr_line' id='line_1_26' title="bbox 445 3867 1360 3956; baseline -0.002 -21"><span class='ocrx_word' id='word_1_169' title='bbox 445 3874 529 3949; x_wconf 86' lang='lat' dir='ltr'>rant,</span> <span class='ocrx_word' id='word_1_170' title='bbox 562 3874 596 3935; x_wconf 87' lang='lat' dir='ltr'>et</span> <span class='ocrx_word' id='word_1_171' title='bbox 628 3869 836 3935; x_wconf 84' lang='lat' dir='ltr'>securitatem</span> <span class='ocrx_word' id='word_1_172' title='bbox 872 3867 953 3933; x_wconf 92' lang='lat' dir='ltr'>mihi</span> <span class='ocrx_word' id='word_1_173' title='bbox 985 3869 1089 3935; x_wconf 81' lang='lat' dir='ltr'>fecere</span> <span class='ocrx_word' id='word_1_174' title='bbox 1121 3868 1269 3956; x_wconf 82' lang='lat' dir='ltr'>praecepi,</span> <span class='ocrx_word' id='word_1_175' title='bbox 1301 3890 1360 3954; x_wconf 92' lang='lat' dir='ltr'>pro</span> 
     </span>
     <span class='ocr_line' id='line_1_27' title="bbox 445 3970 1360 4058; baseline -0.004 -20"><span class='ocrx_word' id='word_1_176' title='bbox 445 3993 517 4039; x_wconf 90' lang='lat' dir='ltr'>meo</span> <span class='ocrx_word' id='word_1_177' title='bbox 547 3994 665 4051; x_wconf 82' lang='lat' dir='ltr'>umore,</span> <span class='ocrx_word' id='word_1_178' title='bbox 690 3971 718 4039; x_wconf 93' lang='lat' dir='ltr'>si</span> <span class='ocrx_word' id='word_1_179' title='bbox 748 3992 896 4058; x_wconf 80' lang='lat' dir='ltr'>unquam</span> <span class='ocrx_word' id='word_1_180' title='bbox 926 3971 1063 4037; x_wconf 83' lang='lat' dir='ltr'>audient</span> <span class='ocrx_word' id='word_1_181' title='bbox 1090 3971 1131 4037; x_wconf 91' lang='lat' dir='ltr'>de</span> <span class='ocrx_word' id='word_1_182' title='bbox 1157 3971 1276 4058; x_wconf 82' lang='lat' dir='ltr'>aliquo,</span> <span class='ocrx_word' id='word_1_183' title='bbox 1307 3970 1360 4036; x_wconf 91' lang='lat' dir='ltr'>vel</span> 
     </span>
     <span class='ocr_line' id='line_1_28' title="bbox 446 4073 1318 4165; baseline -0.007 -21"><span class='ocrx_word' id='word_1_184' title='bbox 446 4081 675 4165; x_wconf 78' lang='lat' dir='ltr'>cognoscerent</span> <span class='ocrx_word' id='word_1_185' title='bbox 698 4076 755 4162; x_wconf 92' lang='lat' dir='ltr'>qui</span> <span class='ocrx_word' id='word_1_186' title='bbox 778 4076 819 4142; x_wconf 91' lang='lat' dir='ltr'>de</span> <span class='ocrx_word' id='word_1_187' title='bbox 841 4074 1036 4140; x_wconf 82' lang='lat' dir='ltr'>haereditete</span> <span class='ocrx_word' id='word_1_188' title='bbox 1057 4096 1131 4140; x_wconf 84' lang='lat' dir='ltr'>meo</span> <span class='ocrx_word' id='word_1_189' title='bbox 1153 4073 1286 4160; x_wconf 78' lang='lat' dir='ltr'>aliquod</span> <span class='ocrx_word' id='word_1_190' title='bbox 1304 4073 1318 4160; x_wconf 90' lang='lat' dir='ltr'>j</span> 
     </span>
     <span class='ocr_line' id='line_1_29' title="bbox 446 4177 1359 4266; baseline -0.005 -20"><span class='ocrx_word' id='word_1_191' title='bbox 446 4180 620 4247; x_wconf 83' lang='lat' dir='ltr'>aoclemare</span> <span class='ocrx_word' id='word_1_192' title='bbox 643 4180 734 4265; x_wconf 86' lang='lat' dir='ltr'>juste</span> <span class='ocrx_word' id='word_1_193' title='bbox 754 4183 873 4266; x_wconf 89' lang='lat' dir='ltr'>posset,</span> <span class='ocrx_word' id='word_1_194' title='bbox 889 4178 967 4264; x_wconf 82' lang='lat' dir='ltr'>quia</span> <span class='ocrx_word' id='word_1_195' title='bbox 988 4199 1160 4264; x_wconf 84' lang='lat' dir='ltr'>nunquam</span> <span class='ocrx_word' id='word_1_196' title='bbox 1183 4177 1226 4243; x_wconf 86' lang='lat' dir='ltr'>ad</span> <span class='ocrx_word' id='word_1_197' title='bbox 1249 4198 1359 4242; x_wconf 91' lang='lat' dir='ltr'>meum</span> 
     </span>
     <span class='ocr_line' id='line_1_30' title="bbox 446 4281 1359 4370; baseline -0.004 -21"><span class='ocrx_word' id='word_1_198' title='bbox 446 4284 597 4350; x_wconf 82' lang='lat' dir='ltr'>anditum</span> <span class='ocrx_word' id='word_1_199' title='bbox 613 4283 709 4349; x_wconf 83' lang='lat' dir='ltr'>aliter</span> <span class='ocrx_word' id='word_1_200' title='bbox 722 4282 883 4370; x_wconf 84' lang='lat' dir='ltr'>pervenit.</span> <span class='ocrx_word' id='word_1_201' title='bbox 928 4282 975 4348; x_wconf 89' lang='lat' dir='ltr'>Et</span> <span class='ocrx_word' id='word_1_202' title='bbox 989 4281 1110 4347; x_wconf 91' lang='lat' dir='ltr'>iterum</span> <span class='ocrx_word' id='word_1_203' title='bbox 1134 4282 1263 4347; x_wconf 89' lang='lat' dir='ltr'>locutus</span> <span class='ocrx_word' id='word_1_204' title='bbox 1286 4302 1359 4346; x_wconf 92' lang='lat' dir='ltr'>sum</span> 
     </span>
     <span class='ocr_line' id='line_1_31' title="bbox 446 4382 1357 4472; baseline -0.007 -20"><span class='ocrx_word' id='word_1_205' title='bbox 446 4388 487 4452; x_wconf 81' lang='lat' dir='ltr'>ad</span> <span class='ocrx_word' id='word_1_206' title='bbox 518 4410 571 4454; x_wconf 87' lang='lat' dir='ltr'>eos</span> <span class='ocrx_word' id='word_1_207' title='bbox 601 4388 637 4452; x_wconf 92' lang='lat' dir='ltr'>in</span> <span class='ocrx_word' id='word_1_208' title='bbox 659 4388 729 4453; x_wconf 87' lang='lat' dir='ltr'>haec</span> <span class='ocrx_word' id='word_1_209' title='bbox 751 4386 875 4452; x_wconf 83' lang='lat' dir='ltr'>verbu:</span> <span class='ocrx_word' id='word_1_210' title='bbox 902 4384 1029 4472; x_wconf 84' lang='lat' dir='ltr'>“Rogo</span> <span class='ocrx_word' id='word_1_211' title='bbox 1050 4406 1119 4465; x_wconf 89' lang='lat' dir='ltr'>vos,</span> <span class='ocrx_word' id='word_1_212' title='bbox 1145 4382 1357 4460; x_wconf 72' lang='lat' dir='ltr'>dilectissimi,</span> 
     </span>
     <span class='ocr_line' id='line_1_32' title="bbox 449 4485 1359 4577; baseline -0.007 -21"><span class='ocrx_word' id='word_1_213' title='bbox 449 4497 465 4525; x_wconf 90' lang='lat'>“</span> <span class='ocrx_word' id='word_1_214' title='bbox 489 4490 578 4576; x_wconf 89' lang='lat' dir='ltr'>quod</span> <span class='ocrx_word' id='word_1_215' title='bbox 600 4512 704 4568; x_wconf 82' lang='lat' dir='ltr'>nemo,</span> <span class='ocrx_word' id='word_1_216' title='bbox 727 4511 786 4577; x_wconf 88' lang='lat' dir='ltr'>pro</span> <span class='ocrx_word' id='word_1_217' title='bbox 810 4510 919 4555; x_wconf 83' lang='lat' dir='ltr'>umore</span> <span class='ocrx_word' id='word_1_218' title='bbox 942 4487 1025 4554; x_wconf 71' lang='lat' dir='ltr'>aut²</span> <span class='ocrx_word' id='word_1_219' title='bbox 1048 4488 1123 4553; x_wconf 89' lang='lat' dir='ltr'>odio</span> <span class='ocrx_word' id='word_1_220' title='bbox 1146 4485 1221 4565; x_wconf 89' lang='lat' dir='ltr'>mei,</span> <span class='ocrx_word' id='word_1_221' title='bbox 1245 4490 1359 4572; x_wconf 78' lang='lat' dir='ltr'>parcet</span> 
     </span>
     <span class='ocr_line' id='line_1_33' title="bbox 447 4592 1359 4679; baseline -0.008 -19"><span class='ocrx_word' id='word_1_222' title='bbox 447 4601 464 4630; x_wconf 76' lang='lat'>‘¹</span> <span class='ocrx_word' id='word_1_223' title='bbox 487 4595 665 4660; x_wconf 82' lang='lat' dir='ltr'>veritatem</span> <span class='ocrx_word' id='word_1_224' title='bbox 687 4592 895 4670; x_wconf 82' lang='lat' dir='ltr'>annuntiare,</span> <span class='ocrx_word' id='word_1_225' title='bbox 916 4593 973 4658; x_wconf 86' lang='lat' dir='ltr'>sed</span> <span class='ocrx_word' id='word_1_226' title='bbox 996 4613 1199 4679; x_wconf 83' lang='lat' dir='ltr'>summopere</span> <span class='ocrx_word' id='word_1_227' title='bbox 1225 4611 1359 4655; x_wconf 89' lang='lat' dir='ltr'>consen·</span> 
     </span>
    </p>

    <p class='ocr_par' dir='ltr' id='par_1_3' title="bbox 343 4691 1359 5095">
     <span class='ocr_line' id='line_1_34' title="bbox 343 4691 1359 4794; baseline -0.009 -30"><span class='ocrx_word' id='word_1_228' title='bbox 343 4778 351 4794; x_wconf 39' lang='grc'><strong>.</strong></span> <span class='ocrx_word' id='word_1_229' title='bbox 444 4705 462 4732; x_wconf 85' lang='grc'><strong><em>“</em></strong></span> <span class='ocrx_word' id='word_1_230' title='bbox 484 4697 550 4763; x_wconf 84' lang='lat' dir='ltr'>tiet</span> <span class='ocrx_word' id='word_1_231' title='bbox 576 4696 720 4775; x_wconf 82' lang='lat' dir='ltr'>veritati,</span> <span class='ocrx_word' id='word_1_232' title='bbox 747 4695 825 4782; x_wconf 80' lang='lat' dir='ltr'>quia</span> <span class='ocrx_word' id='word_1_233' title='bbox 855 4717 928 4761; x_wconf 80' lang='lat' dir='ltr'>meu</span> <span class='ocrx_word' id='word_1_234' title='bbox 950 4696 1105 4762; x_wconf 83' lang='lat' dir='ltr'>voluntas</span> <span class='ocrx_word' id='word_1_235' title='bbox 1135 4716 1203 4760; x_wconf 91' lang='lat' dir='ltr'>non</span> <span class='ocrx_word' id='word_1_236' title='bbox 1226 4698 1277 4757; x_wconf 88' lang='lat' dir='ltr'>est</span> <span class='ocrx_word' id='word_1_237' title='bbox 1299 4691 1359 4757; x_wconf 84' lang='lat' dir='ltr'>ali-</span> 
     </span>
     <span class='ocr_line' id='line_1_35' title="bbox 446 4795 1359 4888; baseline -0.011 -21"><span class='ocrx_word' id='word_1_238' title='bbox 446 4807 463 4835; x_wconf 87' lang='lat'><strong>“</strong></span> <span class='ocrx_word' id='word_1_239' title='bbox 488 4823 585 4888; x_wconf 91' lang='lat' dir='ltr'>quem</span> <span class='ocrx_word' id='word_1_240' title='bbox 605 4821 754 4866; x_wconf 83' lang='lat' dir='ltr'>meorum</span> <span class='ocrx_word' id='word_1_241' title='bbox 769 4800 1086 4887; x_wconf 87' lang='lat' dir='ltr'>consanguineorum</span> <span class='ocrx_word' id='word_1_242' title='bbox 1106 4799 1143 4862; x_wconf 94' lang='lat' dir='ltr'>in</span> <span class='ocrx_word' id='word_1_243' title='bbox 1162 4797 1273 4882; x_wconf 83' lang='lat' dir='ltr'>aliquo</span> <span class='ocrx_word' id='word_1_244' title='bbox 1292 4795 1359 4858; x_wconf 92' lang='lat' dir='ltr'>dis·</span> 
     </span>
     <span class='ocr_line' id='line_1_36' title="bbox 446 4897 1358 4989; baseline -0.01 -19"><span class='ocrx_word' id='word_1_245' title='bbox 446 4910 464 4938; x_wconf 89' lang='lat'><strong>“</strong></span> <span class='ocrx_word' id='word_1_246' title='bbox 486 4901 677 4970; x_wconf 53' lang='lat' dir='ltr'>haeredare?</span> <span class='ocrx_word' id='word_1_247' title='bbox 710 4903 756 4967; x_wconf 89' lang='lat' dir='ltr'>Et</span> <span class='ocrx_word' id='word_1_248' title='bbox 771 4908 853 4968; x_wconf 90' lang='lat' dir='ltr'>tunc</span> <span class='ocrx_word' id='word_1_249' title='bbox 865 4924 978 4969; x_wconf 90' lang='lat' dir='ltr'>omnes</span> <span class='ocrx_word' id='word_1_250' title='bbox 988 4901 1152 4989; x_wconf 85' lang='lat' dir='ltr'>principes</span> <span class='ocrx_word' id='word_1_251' title='bbox 1166 4904 1201 4963; x_wconf 89' lang='lat' dir='ltr'>et</span> <span class='ocrx_word' id='word_1_252' title='bbox 1215 4897 1358 4963; x_wconf 84' lang='lat' dir='ltr'>seniores</span> 
     </span>
     <span class='ocr_line' id='line_1_37' title="bbox 446 4999 1359 5095; baseline -0.011 -21"><span class='ocrx_word' id='word_1_253' title='bbox 446 5007 561 5095; x_wconf 86' lang='lat' dir='ltr'>populi</span> <span class='ocrx_word' id='word_1_254' title='bbox 581 5007 645 5073; x_wconf 88' lang='lat' dir='ltr'>mei</span> <span class='ocrx_word' id='word_1_255' title='bbox 664 5007 725 5071; x_wconf 90' lang='lat' dir='ltr'>sub</span> <span class='ocrx_word' id='word_1_256' title='bbox 740 5006 836 5071; x_wconf 84' lang='lat' dir='ltr'>firmo</span> <span class='ocrx_word' id='word_1_257' title='bbox 851 5007 1065 5071; x_wconf 84' lang='lat' dir='ltr'>attestatione</span> <span class='ocrx_word' id='word_1_258' title='bbox 1088 5003 1252 5080; x_wconf 85' lang='lat' dir='ltr'>dixerunt,</span> <span class='ocrx_word' id='word_1_259' title='bbox 1270 4999 1359 5086; x_wconf 92' lang='lat' dir='ltr'>quod</span> 
     </span>
    </p>
   </div>
   <div class='ocr_carea' id='block_1_3' title="bbox 610 5174 1352 5189">
    <p class='ocr_par' dir='ltr' id='par_1_4' title="bbox 610 5174 1352 5189">
     <span class='ocr_line' id='line_1_38' title="bbox 610 5174 1352 5189; baseline -0.012 0"><span class='ocrx_word' id='word_1_260' title='bbox 610 5174 1352 5189; x_wconf 61' lang='lat'>.--..----..——-...-—.—-—-.-———--.-.-.</span> 
     </span>
    </p>
   </div>
   <div class='ocr_carea' id='block_1_4' title="bbox 348 5281 1105 5352">
    <p class='ocr_par' dir='ltr' id='par_1_5' title="bbox 348 5281 1105 5352">
     <span class='ocr_line' id='line_1_39' title="bbox 348 5281 1105 5352; baseline -0.008 -16"><span class='ocrx_word' id='word_1_261' title='bbox 348 5288 352 5317; x_wconf 87' lang='lat'><strong>¹</strong></span> <span class='ocrx_word' id='word_1_262' title='bbox 374 5286 418 5336; x_wconf 79' lang='lat' dir='ltr'>Sic</span> <span class='ocrx_word' id='word_1_263' title='bbox 430 5285 456 5335; x_wconf 92' lang='lat' dir='ltr'>in</span> <span class='ocrx_word' id='word_1_264' title='bbox 468 5285 533 5349; x_wconf 63' lang='lat' dir='ltr'>MS„</span> <span class='ocrx_word' id='word_1_265' title='bbox 545 5286 659 5338; x_wconf 79' lang='lat' dir='ltr'>followed</span> <span class='ocrx_word' id='word_1_266' title='bbox 670 5287 704 5352; x_wconf 84' lang='lat' dir='ltr'>by</span> <span class='ocrx_word' id='word_1_267' title='bbox 716 5283 786 5350; x_wconf 82' lang='lat' dir='ltr'>quod.</span> <span class='ocrx_word' id='word_1_268' title='bbox 839 5283 844 5350; x_wconf 90' lang='grc' dir='ltr'>Ι</span> <span class='ocrx_word' id='word_1_269' title='bbox 893 5281 970 5334; x_wconf 80' lang='lat' dir='ltr'>²Ms.</span> <span class='ocrx_word' id='word_1_270' title='bbox 983 5283 1054 5333; x_wconf 82' lang='lat' dir='ltr'>reads</span> <span class='ocrx_word' id='word_1_271' title='bbox 1066 5297 1105 5331; x_wconf 83' lang='lat' dir='ltr'>cn.</span> 
     </span>
    </p>
   </div>
   <div class='ocr_carea' id='block_1_5' title="bbox 0 0 1915 6450">
    <p class='ocr_par' dir='ltr' id='par_1_6' title="bbox 0 0 1915 6450">
     <span class='ocr_line' id='line_1_40' title="bbox 0 0 1915 6450; baseline 0 0"><span class='ocrx_word' id='word_1_272' title='bbox 0 0 1915 6450; x_wconf 95' lang='lat' dir='ltr'> </span> 
     </span>
    </p>
   </div>
  </div>
 </body>
</html>
