<?xml version="1.0" encoding="UTF-8"?>
<!DOCTYPE html PUBLIC "-//W3C//DTD XHTML 1.0 Transitional//EN"
    "http://www.w3.org/TR/xhtml1/DTD/xhtml1-transitional.dtd">
<html xmlns="http://www.w3.org/1999/xhtml" xml:lang="en" lang="en">
 <head>
  <title>
</title>
<meta http-equiv="Content-Type" content="text/html;charset=utf-8" />
  <meta name='ocr-system' content='tesseract 3.04.00' />
  <meta name='ocr-capabilities' content='ocr_page ocr_carea ocr_par ocr_line ocrx_word'/>
</head>
<body>
  <div class='ocr_page' id='page_1' title='image "./libermonasterii00edwagoog_0287.png"; bbox 0 0 3817 6450; ppageno 0'>
   <div class='ocr_carea' id='block_1_1' title="bbox 581 1007 1264 1127">
    <p class='ocr_par' dir='ltr' id='par_1_1' title="bbox 581 1007 1264 1127">
     <span class='ocr_line' id='line_1_1' title="bbox 581 1007 1264 1127; baseline 0.009 -13"><span class='ocrx_word' id='word_1_1' title='bbox 581 1065 686 1115; x_wconf 72' lang='lat' dir='ltr'>trans</span> <span class='ocrx_word' id='word_1_2' title='bbox 709 1064 756 1113; x_wconf 84' lang='lat' dir='ltr'>nn</span> <span class='ocrx_word' id='word_1_3' title='bbox 778 1064 886 1117; x_wconf 72' lang='lat' dir='ltr'>suns</span> <span class='ocrx_word' id='word_1_4' title='bbox 1144 1007 1150 1020; x_wconf 29' lang='grc' dir='ltr'>ι</span> <span class='ocrx_word' id='word_1_5' title='bbox 1197 1058 1264 1127; x_wconf 84' lang='grc'>167</span> 
     </span>
    </p>
   </div>
   <div class='ocr_carea' id='block_1_2' title="bbox 140 1244 1423 1824">
    <p class='ocr_par' dir='ltr' id='par_1_2' title="bbox 140 1244 1423 1406">
     <span class='ocr_line' id='line_1_2' title="bbox 140 1244 1423 1321; baseline 0.009 -18"><span class='ocrx_word' id='word_1_6' title='bbox 140 1244 194 1294; x_wconf 66' lang='lat'>⁰0?</span> <span class='ocrx_word' id='word_1_7' title='bbox 202 1246 340 1305; x_wconf 84' lang='lat' dir='ltr'>illicitum</span> <span class='ocrx_word' id='word_1_8' title='bbox 359 1250 514 1305; x_wconf 87' lang='lat' dir='ltr'>devolutus</span> <span class='ocrx_word' id='word_1_9' title='bbox 534 1246 626 1321; x_wconf 88' lang='lat' dir='ltr'>[est];</span> <span class='ocrx_word' id='word_1_10' title='bbox 653 1252 779 1305; x_wconf 83' lang='lat' dir='ltr'>fremere</span> <span class='ocrx_word' id='word_1_11' title='bbox 798 1268 898 1307; x_wconf 87' lang='lat' dir='ltr'>omnes</span> <span class='ocrx_word' id='word_1_12' title='bbox 917 1250 989 1306; x_wconf 80' lang='lat' dir='ltr'>faeti</span> <span class='ocrx_word' id='word_1_13' title='bbox 1005 1250 1213 1307; x_wconf 84' lang='lat' dir='ltr'>verecundiam</span> <span class='ocrx_word' id='word_1_14' title='bbox 1231 1260 1262 1309; x_wconf 88' lang='lat' dir='ltr'>et</span> <span class='ocrx_word' id='word_1_15' title='bbox 1283 1256 1352 1312; x_wconf 74' lang='lat' dir='ltr'>M).</span> <span class='ocrx_word' id='word_1_16' title='bbox 1364 1267 1423 1317; x_wconf 75' lang='grc'>955.</span> 
     </span>
     <span class='ocr_line' id='line_1_3' title="bbox 140 1327 1261 1406; baseline 0.004 -18"><span class='ocrx_word' id='word_1_17' title='bbox 140 1327 154 1358; x_wconf 49' lang='lat' dir='ltr'>l</span> <span class='ocrx_word' id='word_1_18' title='bbox 201 1331 278 1389; x_wconf 81' lang='lat' dir='ltr'>inter</span> <span class='ocrx_word' id='word_1_19' title='bbox 290 1352 322 1390; x_wconf 89' lang='lat' dir='ltr'>se</span> <span class='ocrx_word' id='word_1_20' title='bbox 335 1335 523 1400; x_wconf 70' lang='lat' dir='ltr'>inusitatam</span> <span class='ocrx_word' id='word_1_21' title='bbox 545 1333 625 1389; x_wconf 90' lang='lat' dir='ltr'>solus</span> <span class='ocrx_word' id='word_1_22' title='bbox 638 1334 810 1390; x_wconf 88' lang='lat' dir='ltr'>Dunstanus</span> <span class='ocrx_word' id='word_1_23' title='bbox 825 1336 910 1406; x_wconf 83' lang='lat' dir='ltr'>juxta</span> <span class='ocrx_word' id='word_1_24' title='bbox 927 1334 1054 1391; x_wconf 91' lang='lat' dir='ltr'>nominis</span> <span class='ocrx_word' id='word_1_25' title='bbox 1073 1336 1120 1392; x_wconf 91' lang='lat' dir='ltr'>sui</span> <span class='ocrx_word' id='word_1_26' title='bbox 1138 1329 1261 1393; x_wconf 78' lang='lat' dir='ltr'>firmita-</span> 
     </span>
    </p>

    <p class='ocr_par' dir='ltr' id='par_1_3' title="bbox 201 1418 1258 1491">
     <span class='ocr_line' id='line_1_4' title="bbox 201 1418 1258 1491; baseline 0.003 -18"><span class='ocrx_word' id='word_1_27' title='bbox 201 1423 269 1483; x_wconf 81' lang='lat' dir='ltr'>tem,</span> <span class='ocrx_word' id='word_1_28' title='bbox 283 1418 358 1472; x_wconf 89' lang='lat' dir='ltr'>nihil</span> <span class='ocrx_word' id='word_1_29' title='bbox 375 1419 476 1489; x_wconf 84' lang='lat' dir='ltr'>rogale</span> <span class='ocrx_word' id='word_1_30' title='bbox 496 1418 686 1489; x_wconf 78' lang='lat' dir='ltr'><strong>supercilium</strong></span> <span class='ocrx_word' id='word_1_31' title='bbox 704 1420 827 1483; x_wconf 87' lang='lat' dir='ltr'>veritus,</span> <span class='ocrx_word' id='word_1_32' title='bbox 847 1419 1051 1474; x_wconf 83' lang='lat' dir='ltr'>lascivientem</span> <span class='ocrx_word' id='word_1_33' title='bbox 1065 1420 1258 1491; x_wconf 82' lang='lat' dir='ltr'>juvenculum</span> 
     </span>
    </p>

    <p class='ocr_par' dir='ltr' id='par_1_4' title="bbox 201 1502 1256 1578">
     <span class='ocr_line' id='line_1_5' title="bbox 201 1502 1256 1578; baseline 0.006 -23"><span class='ocrx_word' id='word_1_34' title='bbox 201 1502 344 1557; x_wconf 89' lang='lat' dir='ltr'>molenter</span> <span class='ocrx_word' id='word_1_35' title='bbox 363 1520 379 1556; x_wconf 88' lang='lat' dir='ltr'>e</span> <span class='ocrx_word' id='word_1_36' title='bbox 398 1503 533 1557; x_wconf 88' lang='lat' dir='ltr'>cubiculo</span> <span class='ocrx_word' id='word_1_37' title='bbox 552 1503 703 1567; x_wconf 73' lang='lat' dir='ltr'><strong>abstraxit,</strong></span> <span class='ocrx_word' id='word_1_38' title='bbox 730 1509 760 1558; x_wconf 85' lang='lat' dir='ltr'>st</span> <span class='ocrx_word' id='word_1_39' title='bbox 778 1520 831 1573; x_wconf 89' lang='lat' dir='ltr'>per</span> <span class='ocrx_word' id='word_1_40' title='bbox 855 1503 985 1559; x_wconf 88' lang='lat' dir='ltr'>Odonam</span> <span class='ocrx_word' id='word_1_41' title='bbox 1004 1505 1256 1578; x_wconf 82' lang='lat' dir='ltr'>archiepiscopum</span> 
     </span>
    </p>

    <p class='ocr_par' dir='ltr' id='par_1_5' title="bbox 201 1586 1253 1657">
     <span class='ocr_line' id='line_1_6' title="bbox 201 1586 1253 1657; baseline 0.008 -19"><span class='ocrx_word' id='word_1_42' title='bbox 201 1586 338 1655; x_wconf 79' lang='lat' dir='ltr'>pellicem</span> <span class='ocrx_word' id='word_1_43' title='bbox 362 1586 519 1657; x_wconf 84' lang='lat' dir='ltr'>repudiare</span> <span class='ocrx_word' id='word_1_44' title='bbox 544 1592 686 1649; x_wconf 80' lang='lat' dir='ltr'>coactum,</span> <span class='ocrx_word' id='word_1_45' title='bbox 713 1594 890 1657; x_wconf 83' lang='lat' dir='ltr'>perpetuum</span> <span class='ocrx_word' id='word_1_46' title='bbox 914 1587 971 1642; x_wconf 84' lang='lat' dir='ltr'>sibi</span> <span class='ocrx_word' id='word_1_47' title='bbox 995 1588 1150 1644; x_wconf 82' lang='lat' dir='ltr'>inimicum</span> <span class='ocrx_word' id='word_1_48' title='bbox 1173 1590 1253 1646; x_wconf 87' lang='lat' dir='ltr'>fecit.</span> 
     </span>
    </p>

    <p class='ocr_par' dir='ltr' id='par_1_6' title="bbox 201 1668 1255 1741">
     <span class='ocr_line' id='line_1_7' title="bbox 201 1668 1255 1741; baseline 0.005 -19"><span class='ocrx_word' id='word_1_49' title='bbox 201 1668 278 1724; x_wconf 87' lang='lat' dir='ltr'>Nam</span> <span class='ocrx_word' id='word_1_50' title='bbox 286 1668 384 1740; x_wconf 90' lang='lat' dir='ltr'>ipsum</span> <span class='ocrx_word' id='word_1_51' title='bbox 395 1670 591 1733; x_wconf 77' lang='lat' dir='ltr'>Dunstanum,</span> <span class='ocrx_word' id='word_1_52' title='bbox 604 1671 812 1725; x_wconf 81' lang='lat' dir='ltr'>monachorum</span> <span class='ocrx_word' id='word_1_53' title='bbox 822 1670 1035 1741; x_wconf 74' lang='lat' dir='ltr'>primicerium,</span> <span class='ocrx_word' id='word_1_54' title='bbox 1045 1672 1078 1727; x_wconf 93' lang='lat' dir='ltr'>in</span> <span class='ocrx_word' id='word_1_55' title='bbox 1085 1672 1255 1727; x_wconf 82' lang='lat' dir='ltr'>Flsndrism</span> 
     </span>
    </p>

    <p class='ocr_par' dir='ltr' id='par_1_7' title="bbox 202 1753 1254 1824">
     <span class='ocr_line' id='line_1_8' title="bbox 202 1753 1254 1824; baseline 0.006 -18"><span class='ocrx_word' id='word_1_56' title='bbox 202 1753 351 1824; x_wconf 80' lang='lat' dir='ltr'>propellit.</span> <span class='ocrx_word' id='word_1_57' title='bbox 390 1754 434 1807; x_wconf 81' lang='lat' dir='ltr'>Ea</span> <span class='ocrx_word' id='word_1_58' title='bbox 451 1759 626 1824; x_wconf 84' lang='lat' dir='ltr'>tempestato</span> <span class='ocrx_word' id='word_1_59' title='bbox 646 1755 736 1809; x_wconf 87' lang='lat' dir='ltr'>facies</span> <span class='ocrx_word' id='word_1_60' title='bbox 758 1754 1003 1809; x_wconf 75' lang='lat' dir='ltr'>monasteriorum</span> <span class='ocrx_word' id='word_1_61' title='bbox 1022 1755 1100 1810; x_wconf 80' lang='lat' dir='ltr'>foeds</span> <span class='ocrx_word' id='word_1_62' title='bbox 1118 1762 1148 1811; x_wconf 86' lang='lat' dir='ltr'>at</span> <span class='ocrx_word' id='word_1_63' title='bbox 1165 1755 1254 1811; x_wconf 87' lang='lat' dir='ltr'>mise·</span> 
     </span>
    </p>
   </div>
   <div class='ocr_carea' id='block_1_3' title="bbox 195 1836 1417 3765">
    <p class='ocr_par' dir='ltr' id='par_1_8' title="bbox 199 1836 1417 2638">
     <span class='ocr_line' id='line_1_9' title="bbox 200 1836 1253 1921; baseline 0.005 -22"><span class='ocrx_word' id='word_1_64' title='bbox 200 1845 302 1900; x_wconf 80' lang='lat' dir='ltr'>rabilis</span> <span class='ocrx_word' id='word_1_65' title='bbox 314 1851 385 1900; x_wconf 79' lang='lat' dir='ltr'>erat.</span> <span class='ocrx_word' id='word_1_66' title='bbox 414 1837 502 1901; x_wconf 88' lang='lat' dir='ltr'>Nam</span> <span class='ocrx_word' id='word_1_67' title='bbox 525 1841 560 1902; x_wconf 92' lang='lat' dir='ltr'>et</span> <span class='ocrx_word' id='word_1_68' title='bbox 583 1836 872 1902; x_wconf 86' lang='lat' dir='ltr'>Malmesburiense</span> <span class='ocrx_word' id='word_1_69' title='bbox 890 1838 1088 1921; x_wconf 61' lang='lat' dir='ltr'>coenobium,</span> <span class='ocrx_word' id='word_1_70' title='bbox 1104 1839 1253 1905; x_wconf 81' lang='lat' dir='ltr'>ducentis</span> 
     </span>
     <span class='ocr_line' id='line_1_10' title="bbox 199 1939 1252 2027; baseline 0 -21"><span class='ocrx_word' id='word_1_71' title='bbox 199 1942 412 2027; x_wconf 72' lang='lat' dir='ltr'>septuaginta</span> <span class='ocrx_word' id='word_1_72' title='bbox 441 1940 538 2004; x_wconf 89' lang='lat' dir='ltr'>annis</span> <span class='ocrx_word' id='word_1_73' title='bbox 568 1961 588 2003; x_wconf 92' lang='lat' dir='ltr'>a</span> <span class='ocrx_word' id='word_1_74' title='bbox 618 1939 786 2003; x_wconf 81' lang='lat' dir='ltr'>monachis</span> <span class='ocrx_word' id='word_1_75' title='bbox 816 1939 1050 2020; x_wconf 87' lang='lat' dir='ltr'>inhabitatum,</span> <span class='ocrx_word' id='word_1_76' title='bbox 1081 1942 1252 2007; x_wconf 78' lang='lat' dir='ltr'>stabulum</span> 
     </span>
     <span class='ocr_line' id='line_1_11' title="bbox 200 2040 1414 2123; baseline 0.006 -16"><span class='ocrx_word' id='word_1_77' title='bbox 200 2042 389 2108; x_wconf 80' lang='lat' dir='ltr'>clericorum</span> <span class='ocrx_word' id='word_1_78' title='bbox 403 2042 489 2107; x_wconf 82' lang='lat' dir='ltr'>fecit.</span> <span class='ocrx_word' id='word_1_79' title='bbox 535 2040 683 2105; x_wconf 83' lang='lat' dir='ltr'>Tandem</span> <span class='ocrx_word' id='word_1_80' title='bbox 699 2040 1056 2108; x_wconf 86' lang='lat' dir='ltr'>Northanhunbrenses</span> <span class='ocrx_word' id='word_1_81' title='bbox 1069 2047 1103 2108; x_wconf 90' lang='lat' dir='ltr'>et</span> <span class='ocrx_word' id='word_1_82' title='bbox 1119 2043 1252 2108; x_wconf 85' lang='lat' dir='ltr'>Sumer-</span> <span class='ocrx_word' id='word_1_83' title='bbox 1263 2058 1414 2123; x_wconf 74' lang='lat' dir='ltr'>Deposiuon</span> 
     </span>
     <span class='ocr_line' id='line_1_12' title="bbox 201 2125 1382 2256; baseline 0 -46"><span class='ocrx_word' id='word_1_84' title='bbox 201 2167 309 2210; x_wconf 79' lang='lat' dir='ltr'>sensas</span> <span class='ocrx_word' id='word_1_85' title='bbox 339 2144 446 2231; x_wconf 88' lang='lat' dir='ltr'>ipsum</span> <span class='ocrx_word' id='word_1_86' title='bbox 477 2143 668 2227; x_wconf 85' lang='lat' dir='ltr'>Edwynum</span> <span class='ocrx_word' id='word_1_87' title='bbox 699 2164 757 2228; x_wconf 91' lang='lat' dir='ltr'>pro</span> <span class='ocrx_word' id='word_1_88' title='bbox 787 2142 875 2206; x_wconf 89' lang='lat' dir='ltr'>mala</span> <span class='ocrx_word' id='word_1_89' title='bbox 904 2143 978 2208; x_wconf 85' lang='lat' dir='ltr'>vita</span> <span class='ocrx_word' id='word_1_90' title='bbox 1007 2166 1074 2222; x_wconf 89' lang='lat' dir='ltr'>sua,</span> <span class='ocrx_word' id='word_1_91' title='bbox 1098 2168 1119 2210; x_wconf 89' lang='lat' dir='ltr'>a</span> <span class='ocrx_word' id='word_1_92' title='bbox 1147 2167 1249 2231; x_wconf 84' lang='lat' dir='ltr'>regno</span> <span class='ocrx_word' id='word_1_93' title='bbox 1262 2125 1382 2256; x_wconf 43' lang='lat' dir='ltr'>iffi?</span> 
     </span>
     <span class='ocr_line' id='line_1_13' title="bbox 201 2244 1400 2334; baseline 0.001 -24"><span class='ocrx_word' id='word_1_94' title='bbox 201 2246 405 2334; x_wconf 85' lang='lat' dir='ltr'>expulerunt,</span> <span class='ocrx_word' id='word_1_95' title='bbox 431 2251 466 2311; x_wconf 88' lang='lat' dir='ltr'>et</span> <span class='ocrx_word' id='word_1_96' title='bbox 487 2245 624 2310; x_wconf 85' lang='lat' dir='ltr'>fratrem</span> <span class='ocrx_word' id='word_1_97' title='bbox 647 2266 743 2309; x_wconf 91' lang='lat' dir='ltr'>suum</span> <span class='ocrx_word' id='word_1_98' title='bbox 766 2244 943 2331; x_wconf 86' lang='lat' dir='ltr'>Edgarum,</span> <span class='ocrx_word' id='word_1_99' title='bbox 966 2246 1131 2312; x_wconf 68' lang='lat' dir='ltr'>sexdecim</span> <span class='ocrx_word' id='word_1_100' title='bbox 1146 2258 1400 2311; x_wconf 70' lang='lat' dir='ltr'>anno-Nonnum-</span> 
     </span>
     <span class='ocr_line' id='line_1_14' title="bbox 200 2326 1417 2435; baseline -0.002 -22"><span class='ocrx_word' id='word_1_101' title='bbox 200 2370 272 2413; x_wconf 85' lang='lat' dir='ltr'>rum</span> <span class='ocrx_word' id='word_1_102' title='bbox 295 2349 503 2424; x_wconf 75' lang='lat' dir='ltr'>existentem,</span> <span class='ocrx_word' id='word_1_103' title='bbox 525 2347 562 2410; x_wconf 91' lang='lat' dir='ltr'>in</span> <span class='ocrx_word' id='word_1_104' title='bbox 577 2368 687 2434; x_wconf 82' lang='lat' dir='ltr'>regem</span> <span class='ocrx_word' id='word_1_105' title='bbox 702 2347 906 2412; x_wconf 84' lang='lat' dir='ltr'>levaverunt.</span> <span class='ocrx_word' id='word_1_106' title='bbox 953 2347 998 2412; x_wconf 91' lang='lat' dir='ltr'>In</span> <span class='ocrx_word' id='word_1_107' title='bbox 1012 2347 1105 2433; x_wconf 82' lang='lat' dir='ltr'>cujus</span> <span class='ocrx_word' id='word_1_108' title='bbox 1122 2347 1248 2435; x_wconf 81' lang='lat' dir='ltr'>Edgan‘</span> <span class='ocrx_word' id='word_1_109' title='bbox 1260 2326 1355 2388; x_wconf 49' lang='grc' dir='ltr'>ω’</span> <span class='ocrx_word' id='word_1_110' title='bbox 1367 2329 1417 2381; x_wconf 73' lang='lat'>⁸⁵⁰·</span> 
     </span>
     <span class='ocr_line' id='line_1_15' title="bbox 200 2448 1384 2535; baseline 0.007 -20"><span class='ocrx_word' id='word_1_111' title='bbox 200 2457 315 2516; x_wconf 85' lang='lat' dir='ltr'>exortu</span> <span class='ocrx_word' id='word_1_112' title='bbox 339 2450 469 2515; x_wconf 86' lang='lat' dir='ltr'>audivit</span> <span class='ocrx_word' id='word_1_113' title='bbox 492 2449 609 2513; x_wconf 88' lang='lat' dir='ltr'>beatus</span> <span class='ocrx_word' id='word_1_114' title='bbox 632 2448 827 2513; x_wconf 87' lang='lat' dir='ltr'>Dunstanus</span> <span class='ocrx_word' id='word_1_115' title='bbox 850 2448 982 2535; x_wconf 84' lang='lat' dir='ltr'>angelos</span> <span class='ocrx_word' id='word_1_116' title='bbox 1002 2455 1157 2514; x_wconf 85' lang='lat' dir='ltr'>osnentes</span> <span class='ocrx_word' id='word_1_117' title='bbox 1179 2450 1225 2515; x_wconf 82' lang='lat' dir='ltr'>sic</span> <span class='ocrx_word' id='word_1_118' title='bbox 1239 2476 1247 2517; x_wconf 73' lang='grc' dir='ltr'><strong>ε</strong></span> <span class='ocrx_word' id='word_1_119' title='bbox 1261 2471 1304 2522; x_wconf 82' lang='lat' dir='ltr'>sol.</span> <span class='ocrx_word' id='word_1_120' title='bbox 1317 2478 1384 2527; x_wconf 69' lang='lat'>240,</span> 
     </span>
     <span class='ocr_line' id='line_1_16' title="bbox 199 2550 1249 2638; baseline 0 -20"><span class='ocrx_word' id='word_1_121' title='bbox 199 2553 312 2618; x_wconf 82' lang='lat' dir='ltr'>“Pax</span> <span class='ocrx_word' id='word_1_122' title='bbox 335 2557 432 2618; x_wconf 84' lang='lat' dir='ltr'>terrae</span> <span class='ocrx_word' id='word_1_123' title='bbox 455 2552 640 2638; x_wconf 83' lang='lat' dir='ltr'>Anglorum</span> <span class='ocrx_word' id='word_1_124' title='bbox 663 2551 771 2616; x_wconf 84' lang='lat' dir='ltr'>exorti</span> <span class='ocrx_word' id='word_1_125' title='bbox 794 2573 882 2616; x_wconf 87' lang='lat' dir='ltr'>nuno</span> <span class='ocrx_word' id='word_1_126' title='bbox 903 2550 998 2637; x_wconf 89' lang='lat' dir='ltr'>pueri</span> <span class='ocrx_word' id='word_1_127' title='bbox 1016 2551 1249 2638; x_wconf 85' lang='lat' dir='ltr'>Dunstanique</span> 
     </span>
    </p>

    <p class='ocr_par' dir='ltr' id='par_1_9' title="bbox 199 2652 1248 2740">
     <span class='ocr_line' id='line_1_17' title="bbox 199 2652 1248 2740; baseline 0 -20"><span class='ocrx_word' id='word_1_128' title='bbox 199 2659 216 2689; x_wconf 88' lang='lat'><strong>“</strong></span> <span class='ocrx_word' id='word_1_129' title='bbox 237 2654 409 2740; x_wconf 85' lang='lat' dir='ltr'>tempore.&#39;’</span> <span class='ocrx_word' id='word_1_130' title='bbox 456 2654 575 2739; x_wconf 81' lang='lat' dir='ltr'>Sisque</span> <span class='ocrx_word' id='word_1_131' title='bbox 599 2657 679 2717; x_wconf 85' lang='lat' dir='ltr'>tuno</span> <span class='ocrx_word' id='word_1_132' title='bbox 702 2658 813 2718; x_wconf 76' lang='lat' dir='ltr'>actum</span> <span class='ocrx_word' id='word_1_133' title='bbox 829 2656 934 2718; x_wconf 87' lang='lat' dir='ltr'>estut</span> <span class='ocrx_word' id='word_1_134' title='bbox 949 2652 1075 2718; x_wconf 89' lang='lat' dir='ltr'>flumen</span> <span class='ocrx_word' id='word_1_135' title='bbox 1089 2653 1248 2720; x_wconf 85' lang='lat' dir='ltr'>Tamensa</span> 
     </span>
    </p>

    <p class='ocr_par' dir='ltr' id='par_1_10' title="bbox 198 2756 822 2843">
     <span class='ocr_line' id='line_1_18' title="bbox 198 2756 822 2843; baseline -0.002 -22"><span class='ocrx_word' id='word_1_136' title='bbox 198 2779 247 2823; x_wconf 85' lang='lat' dir='ltr'>res</span> <span class='ocrx_word' id='word_1_137' title='bbox 268 2758 409 2822; x_wconf 86' lang='lat' dir='ltr'>duorum</span> <span class='ocrx_word' id='word_1_138' title='bbox 432 2779 546 2843; x_wconf 80' lang='lat' dir='ltr'>regum</span> <span class='ocrx_word' id='word_1_139' title='bbox 570 2756 822 2821; x_wconf 84' lang='lat' dir='ltr'>disterminaret.</span> 
     </span>
    </p>

    <p class='ocr_par' dir='ltr' id='par_1_11' title="bbox 195 2856 1405 3765">
     <span class='ocr_line' id='line_1_19' title="bbox 240 2856 1405 2946; baseline 0 -20"><span class='ocrx_word' id='word_1_140' title='bbox 240 2859 477 2946; x_wconf 83' lang='lat' dir='ltr'>Superfuitque</span> <span class='ocrx_word' id='word_1_141' title='bbox 509 2858 655 2943; x_wconf 84' lang='lat' dir='ltr'>Edwyus</span> <span class='ocrx_word' id='word_1_142' title='bbox 686 2864 829 2943; x_wconf 87' lang='lat' dir='ltr'>quatuor</span> <span class='ocrx_word' id='word_1_143' title='bbox 859 2856 960 2922; x_wconf 85' lang='lat' dir='ltr'>ferme</span> <span class='ocrx_word' id='word_1_144' title='bbox 990 2856 1094 2935; x_wconf 87' lang='lat' dir='ltr'>annis,</span> <span class='ocrx_word' id='word_1_145' title='bbox 1118 2856 1248 2923; x_wconf 87' lang='lat' dir='ltr'>duobus</span> <span class='ocrx_word' id='word_1_146' title='bbox 1260 2872 1405 2937; x_wconf 70' lang='lat' dir='ltr'>Bistam,</span> 
     </span>
     <span class='ocr_line' id='line_1_20' title="bbox 197 2941 1399 3046; baseline 0 -21"><span class='ocrx_word' id='word_1_147' title='bbox 197 2962 351 3027; x_wconf 79' lang='lat' dir='ltr'>videlicet</span> <span class='ocrx_word' id='word_1_148' title='bbox 373 2983 477 3025; x_wconf 88' lang='lat' dir='ltr'>annos</span> <span class='ocrx_word' id='word_1_149' title='bbox 499 2982 648 3046; x_wconf 82' lang='lat' dir='ltr'>regnans,</span> <span class='ocrx_word' id='word_1_150' title='bbox 672 2960 707 3024; x_wconf 93' lang='lat' dir='ltr'>in</span> <span class='ocrx_word' id='word_1_151' title='bbox 731 2960 831 3023; x_wconf 89' lang='lat' dir='ltr'>tertio</span> <span class='ocrx_word' id='word_1_152' title='bbox 862 2959 1039 3046; x_wconf 88' lang='lat' dir='ltr'>depositus,</span> <span class='ocrx_word' id='word_1_153' title='bbox 1069 2959 1107 3023; x_wconf 91' lang='lat' dir='ltr'>in</span> <span class='ocrx_word' id='word_1_154' title='bbox 1129 2965 1247 3045; x_wconf 84' lang='lat' dir='ltr'>quarto</span> <span class='ocrx_word' id='word_1_155' title='bbox 1260 2941 1330 2994; x_wconf 65' lang='lat' dir='ltr'>sl).</span> <span class='ocrx_word' id='word_1_156' title='bbox 1343 2948 1399 2995; x_wconf 84' lang='lat'><strong>⁹⁵⁹·</strong></span> 
     </span>
     <span class='ocr_line' id='line_1_21' title="bbox 197 3061 1246 3149; baseline -0.002 -20"><span class='ocrx_word' id='word_1_157' title='bbox 197 3070 345 3129; x_wconf 88' lang='lat' dir='ltr'>mortuus</span> <span class='ocrx_word' id='word_1_158' title='bbox 368 3070 402 3128; x_wconf 87' lang='lat' dir='ltr'>et</span> <span class='ocrx_word' id='word_1_159' title='bbox 425 3064 572 3149; x_wconf 86' lang='lat' dir='ltr'>sepultus</span> <span class='ocrx_word' id='word_1_160' title='bbox 594 3067 644 3126; x_wconf 91' lang='lat' dir='ltr'>est</span> <span class='ocrx_word' id='word_1_161' title='bbox 660 3061 862 3146; x_wconf 85' lang='lat' dir='ltr'>Wyntoniae‚</span> <span class='ocrx_word' id='word_1_162' title='bbox 879 3061 915 3124; x_wconf 91' lang='lat' dir='ltr'>in</span> <span class='ocrx_word' id='word_1_163' title='bbox 931 3061 1028 3126; x_wconf 87' lang='lat' dir='ltr'>Novo</span> <span class='ocrx_word' id='word_1_164' title='bbox 1044 3061 1246 3127; x_wconf 81' lang='lat' dir='ltr'>Monasterio</span> 
     </span>
     <span class='ocr_line' id='line_1_22' title="bbox 198 3161 1249 3254; baseline -0.005 -22"><span class='ocrx_word' id='word_1_165' title='bbox 198 3188 269 3253; x_wconf 85' lang='lat' dir='ltr'>quae</span> <span class='ocrx_word' id='word_1_166' title='bbox 292 3188 380 3232; x_wconf 91' lang='lat' dir='ltr'>nunc</span> <span class='ocrx_word' id='word_1_167' title='bbox 405 3166 507 3251; x_wconf 88' lang='lat' dir='ltr'>Hyda</span> <span class='ocrx_word' id='word_1_168' title='bbox 529 3164 658 3230; x_wconf 83' lang='lat' dir='ltr'>dicitur.</span> <span class='ocrx_word' id='word_1_169' title='bbox 705 3164 786 3250; x_wconf 77' lang='lat' dir='ltr'>Ejus</span> <span class='ocrx_word' id='word_1_170' title='bbox 809 3168 922 3254; x_wconf 78' lang='lat' dir='ltr'>tamen</span> <span class='ocrx_word' id='word_1_171' title='bbox 944 3162 1055 3227; x_wconf 83' lang='lat' dir='ltr'>anima</span> <span class='ocrx_word' id='word_1_172' title='bbox 1077 3166 1152 3250; x_wconf 87' lang='lat' dir='ltr'>post</span> <span class='ocrx_word' id='word_1_173' title='bbox 1178 3161 1249 3227; x_wconf 92' lang='lat' dir='ltr'>obi·</span> 
     </span>
     <span class='ocr_line' id='line_1_23' title="bbox 197 3264 1248 3354; baseline -0.003 -21"><span class='ocrx_word' id='word_1_174' title='bbox 197 3273 276 3346; x_wconf 89' lang='lat' dir='ltr'>tum,</span> <span class='ocrx_word' id='word_1_175' title='bbox 299 3269 467 3332; x_wconf 86' lang='lat' dir='ltr'>Dunstani</span> <span class='ocrx_word' id='word_1_176' title='bbox 488 3268 645 3354; x_wconf 71' lang='lat' dir='ltr'>precibus</span> <span class='ocrx_word' id='word_1_177' title='bbox 671 3267 713 3330; x_wconf 92' lang='lat' dir='ltr'>ab</span> <span class='ocrx_word' id='word_1_178' title='bbox 743 3265 872 3330; x_wconf 85' lang='lat' dir='ltr'>inferno</span> <span class='ocrx_word' id='word_1_179' title='bbox 903 3264 1053 3347; x_wconf 84' lang='lat' dir='ltr'>liberata</span> <span class='ocrx_word' id='word_1_180' title='bbox 1066 3264 1103 3328; x_wconf 91' lang='lat' dir='ltr'>in</span> <span class='ocrx_word' id='word_1_181' title='bbox 1125 3268 1248 3330; x_wconf 81' lang='lat' dir='ltr'>sortem</span> 
     </span>
     <span class='ocr_line' id='line_1_24' title="bbox 196 3365 1249 3456; baseline -0.005 -20"><span class='ocrx_word' id='word_1_182' title='bbox 196 3371 430 3456; x_wconf 86' lang='lat' dir='ltr'>poenitentium</span> <span class='ocrx_word' id='word_1_183' title='bbox 451 3371 636 3434; x_wconf 85' lang='lat' dir='ltr'>animarum</span> <span class='ocrx_word' id='word_1_184' title='bbox 659 3371 711 3432; x_wconf 87' lang='lat' dir='ltr'>est</span> <span class='ocrx_word' id='word_1_185' title='bbox 731 3367 902 3443; x_wconf 88' lang='lat' dir='ltr'>translata,</span> <span class='ocrx_word' id='word_1_186' title='bbox 926 3370 967 3430; x_wconf 90' lang='lat' dir='ltr'>ut</span> <span class='ocrx_word' id='word_1_187' title='bbox 988 3365 1103 3430; x_wconf 83' lang='lat' dir='ltr'>scribit</span> <span class='ocrx_word' id='word_1_188' title='bbox 1122 3365 1249 3431; x_wconf 91' lang='lat' dir='ltr'>Willel-</span> 
     </span>
     <span class='ocr_line' id='line_1_25' title="bbox 196 3466 1340 3553; baseline -0.008 -14"><span class='ocrx_word' id='word_1_189' title='bbox 196 3495 267 3539; x_wconf 88' lang='lat' dir='ltr'>mus</span> <span class='ocrx_word' id='word_1_190' title='bbox 291 3471 600 3551; x_wconf 67' lang='lat' dir='ltr'>Malmesburiensia</span> <span class='ocrx_word' id='word_1_191' title='bbox 624 3470 674 3534; x_wconf 81' lang='lat' dir='ltr'>De</span> <span class='ocrx_word' id='word_1_192' title='bbox 689 3468 844 3553; x_wconf 72' lang='lat' dir='ltr'>Repibas,</span> <span class='ocrx_word' id='word_1_193' title='bbox 875 3466 960 3531; x_wconf 90' lang='lat' dir='ltr'>libro</span> <span class='ocrx_word' id='word_1_194' title='bbox 982 3467 1030 3552; x_wconf 80' lang='lat' dir='ltr'>ij0,</span> <span class='ocrx_word' id='word_1_195' title='bbox 1061 3471 1096 3532; x_wconf 88' lang='lat' dir='ltr'>et</span> <span class='ocrx_word' id='word_1_196' title='bbox 1121 3467 1248 3532; x_wconf 90' lang='lat' dir='ltr'>Ranul·</span> <span class='ocrx_word' id='word_1_197' title='bbox 1337 3474 1340 3480; x_wconf 73' lang='grc'>“</span> 
     </span>
     <span class='ocr_line' id='line_1_26' title="bbox 195 3569 1244 3662; baseline -0.006 -22"><span class='ocrx_word' id='word_1_198' title='bbox 195 3575 279 3662; x_wconf 87' lang='lat' dir='ltr'>phus</span> <span class='ocrx_word' id='word_1_199' title='bbox 312 3575 505 3656; x_wconf 78' lang='lat' dir='ltr'>Castrensis,</span> <span class='ocrx_word' id='word_1_200' title='bbox 543 3575 579 3638; x_wconf 92' lang='lat' dir='ltr'>in</span> <span class='ocrx_word' id='word_1_201' title='bbox 611 3594 670 3638; x_wconf 89' lang='lat' dir='ltr'>suo</span> <span class='ocrx_word' id='word_1_202' title='bbox 701 3569 982 3658; x_wconf 73' lang='lat' dir='ltr'>Polycltroaiooa,</span> <span class='ocrx_word' id='word_1_203' title='bbox 1015 3569 1101 3635; x_wconf 91' lang='lat' dir='ltr'>libro</span> <span class='ocrx_word' id='word_1_204' title='bbox 1140 3574 1244 3649; x_wconf 85' lang='lat' dir='ltr'>sexto,</span> 
     </span>
     <span class='ocr_line' id='line_1_27' title="bbox 196 3666 1375 3765; baseline -0.005 -23"><span class='ocrx_word' id='word_1_205' title='bbox 196 3678 338 3764; x_wconf 84' lang='lat' dir='ltr'>ospitulo</span> <span class='ocrx_word' id='word_1_206' title='bbox 375 3677 475 3765; x_wconf 80' lang='lat' dir='ltr'>viij03</span> <span class='ocrx_word' id='word_1_207' title='bbox 513 3680 548 3741; x_wconf 90' lang='lat' dir='ltr'>et</span> <span class='ocrx_word' id='word_1_208' title='bbox 587 3679 627 3740; x_wconf 92' lang='lat' dir='ltr'>ut</span> <span class='ocrx_word' id='word_1_209' title='bbox 656 3674 772 3740; x_wconf 79' lang='lat' dir='ltr'>scribit</span> <span class='ocrx_word' id='word_1_210' title='bbox 803 3672 971 3737; x_wconf 84' lang='lat' dir='ltr'>Marianus</span> <span class='ocrx_word' id='word_1_211' title='bbox 1002 3666 1131 3754; x_wconf 79' lang='lat' dir='ltr'>Sootus,</span> <span class='ocrx_word' id='word_1_212' title='bbox 1167 3680 1375 3744; x_wconf 63' lang='lat' dir='ltr'>sioutcontms</span> 
     </span>
    </p>
   </div>
   <div class='ocr_carea' id='block_1_4' title="bbox 197 3759 1399 3956">
    <p class='ocr_par' dir='ltr' id='par_1_12' title="bbox 197 3759 1399 3956">
     <span class='ocr_line' id='line_1_28' title="bbox 197 3759 1368 3874; baseline -0.023 -39"><span class='ocrx_word' id='word_1_213' title='bbox 197 3779 296 3834; x_wconf 72' lang='lat' dir='ltr'>eadem</span> <span class='ocrx_word' id='word_1_214' title='bbox 307 3786 388 3835; x_wconf 82' lang='lat' dir='ltr'>terra</span> <span class='ocrx_word' id='word_1_215' title='bbox 405 3781 494 3834; x_wconf 86' lang='lat' dir='ltr'>bonas</span> <span class='ocrx_word' id='word_1_216' title='bbox 514 3784 544 3833; x_wconf 87' lang='lat' dir='ltr'>et</span> <span class='ocrx_word' id='word_1_217' title='bbox 560 3778 653 3833; x_wconf 83' lang='lat' dir='ltr'>malas</span> <span class='ocrx_word' id='word_1_218' title='bbox 671 3776 777 3831; x_wconf 87' lang='lat' dir='ltr'>herbas</span> <span class='ocrx_word' id='word_1_219' title='bbox 795 3776 898 3841; x_wconf 89' lang='lat' dir='ltr'>nutrit,</span> <span class='ocrx_word' id='word_1_220' title='bbox 914 3781 943 3830; x_wconf 87' lang='lat' dir='ltr'>et</span> <span class='ocrx_word' id='word_1_221' title='bbox 954 3774 1058 3830; x_wconf 76' lang='lat' dir='ltr'>urtioae</span> <span class='ocrx_word' id='word_1_222' title='bbox 1071 3776 1243 3850; x_wconf 64' lang='lat' dir='ltr'>quandoque</span> <span class='ocrx_word' id='word_1_223' title='bbox 1256 3759 1368 3874; x_wconf 53' lang='lat' dir='ltr'>isim</span> 
     </span>
     <span class='ocr_line' id='line_1_29' title="bbox 197 3828 1399 3956; baseline -0.015 -36"><span class='ocrx_word' id='word_1_224' title='bbox 197 3865 327 3934; x_wconf 87' lang='lat' dir='ltr'>proxima</span> <span class='ocrx_word' id='word_1_225' title='bbox 344 3871 390 3919; x_wconf 86' lang='lat' dir='ltr'>ost</span> <span class='ocrx_word' id='word_1_226' title='bbox 406 3863 508 3928; x_wconf 86' lang='lat' dir='ltr'>rosa;¹</span> <span class='ocrx_word' id='word_1_227' title='bbox 533 3863 576 3917; x_wconf 90' lang='lat' dir='ltr'>sio</span> <span class='ocrx_word' id='word_1_228' title='bbox 595 3880 630 3916; x_wconf 83' lang='lat' dir='ltr'>ax</span> <span class='ocrx_word' id='word_1_229' title='bbox 648 3861 749 3915; x_wconf 84' lang='lat' dir='ltr'>eodem</span> <span class='ocrx_word' id='word_1_230' title='bbox 767 3861 815 3933; x_wconf 95' lang='lat' dir='ltr'>pio</span> <span class='ocrx_word' id='word_1_231' title='bbox 828 3858 992 3924; x_wconf 87' lang='lat' dir='ltr'>Edmundo,</span> <span class='ocrx_word' id='word_1_232' title='bbox 1012 3858 1140 3929; x_wconf 79' lang='lat' dir='ltr'>Edwyus</span> <span class='ocrx_word' id='word_1_233' title='bbox 1153 3864 1244 3932; x_wconf 65' lang='lat' dir='ltr'>pessi.</span> <span class='ocrx_word' id='word_1_234' title='bbox 1256 3828 1399 3956; x_wconf 42' lang='lat' dir='ltr'>Edam</span> 
     </span>
    </p>
   </div>
   <div class='ocr_carea' id='block_1_5' title="bbox 200 3947 842 4020">
    <p class='ocr_par' dir='ltr' id='par_1_13' title="bbox 200 3947 842 4020">
     <span class='ocr_line' id='line_1_30' title="bbox 200 3947 842 4020; baseline -0.006 -18"><span class='ocrx_word' id='word_1_235' title='bbox 200 3962 259 4006; x_wconf 80' lang='lat' dir='ltr'>mus</span> <span class='ocrx_word' id='word_1_236' title='bbox 279 3955 309 4004; x_wconf 90' lang='lat' dir='ltr'>et</span> <span class='ocrx_word' id='word_1_237' title='bbox 326 3948 462 4019; x_wconf 83' lang='lat' dir='ltr'>Edgarus</span> <span class='ocrx_word' id='word_1_238' title='bbox 481 3947 609 4020; x_wconf 89' lang='lat' dir='ltr'>optimus</span> <span class='ocrx_word' id='word_1_239' title='bbox 629 3950 842 4019; x_wconf 86' lang='lat' dir='ltr'>processerunt.</span> 
     </span>
    </p>
   </div>
   <div class='ocr_carea' id='block_1_6' title="bbox 216 4191 1368 4384">
    <p class='ocr_par' dir='ltr' id='par_1_14' title="bbox 216 4191 1368 4384">
     <span class='ocr_line' id='line_1_31' title="bbox 216 4191 1244 4286; baseline -0.007 -22"><span class='ocrx_word' id='word_1_240' title='bbox 216 4203 228 4286; x_wconf 68' lang='lat' dir='ltr'>t</span> <span class='ocrx_word' id='word_1_241' title='bbox 254 4200 298 4286; x_wconf 79' lang='grc'>2.]</span> <span class='ocrx_word' id='word_1_242' title='bbox 331 4200 482 4266; x_wconf 71' lang='lat' dir='ltr'>Donatio</span> <span class='ocrx_word' id='word_1_243' title='bbox 505 4199 545 4264; x_wconf 74' lang='lat' dir='ltr'>&lt;te</span> <span class='ocrx_word' id='word_1_244' title='bbox 574 4197 669 4264; x_wconf 77' lang='lat' dir='ltr'>Villo</span> <span class='ocrx_word' id='word_1_245' title='bbox 691 4197 731 4261; x_wconf 75' lang='lat' dir='ltr'>cte</span> <span class='ocrx_word' id='word_1_246' title='bbox 753 4194 943 4275; x_wconf 76' lang='lat' dir='ltr'>Heattuae,</span> <span class='ocrx_word' id='word_1_247' title='bbox 972 4216 996 4259; x_wconf 84' lang='lat' dir='ltr'>a</span> <span class='ocrx_word' id='word_1_248' title='bbox 1015 4193 1102 4278; x_wconf 77' lang='lat' dir='ltr'>Repe</span> <span class='ocrx_word' id='word_1_249' title='bbox 1117 4191 1244 4276; x_wconf 73' lang='lat' dir='ltr'>Edwyo</span> 
     </span>
     <span class='ocr_line' id='line_1_32' title="bbox 282 4294 1368 4384; baseline -0.009 -16"><span class='ocrx_word' id='word_1_250' title='bbox 282 4302 326 4368; x_wconf 78' lang='lat' dir='ltr'>ia</span> <span class='ocrx_word' id='word_1_251' title='bbox 341 4302 476 4366; x_wconf 73' lang='lat' dir='ltr'>Notum</span> <span class='ocrx_word' id='word_1_252' title='bbox 498 4300 750 4367; x_wconf 69' lang='lat' dir='ltr'>Monosterium</span> <span class='ocrx_word' id='word_1_253' title='bbox 771 4297 970 4384; x_wconf 71' lang='lat' dir='ltr'>Wyatoaioe,</span> <span class='ocrx_word' id='word_1_254' title='bbox 982 4319 1077 4382; x_wconf 69' lang='lat' dir='ltr'>sarto</span> <span class='ocrx_word' id='word_1_255' title='bbox 1097 4294 1244 4361; x_wconf 75' lang='lat' dir='ltr'>secando</span> <span class='ocrx_word' id='word_1_256' title='bbox 1361 4336 1368 4350; x_wconf 89' lang='lat'><strong>·</strong></span> 
     </span>
    </p>
   </div>
   <div class='ocr_carea' id='block_1_7' title="bbox 282 4426 1401 4603">
    <p class='ocr_par' dir='ltr' id='par_1_15' title="bbox 282 4426 1401 4603">
     <span class='ocr_line' id='line_1_33' title="bbox 282 4426 470 4470; baseline -0.016 0"><span class='ocrx_word' id='word_1_257' title='bbox 282 4428 303 4470; x_wconf 78' lang='lat' dir='ltr'>r</span> <span class='ocrx_word' id='word_1_258' title='bbox 367 4426 470 4468; x_wconf 74' lang='lat' dir='ltr'>asos.</span> 
     </span>
     <span class='ocr_line' id='line_1_34' title="bbox 303 4426 1401 4603; baseline -0.006 -21"><span class='ocrx_word' id='word_1_259' title='bbox 303 4426 624 4603; x_wconf 56' lang='lat' dir='ltr'>mOmnipotentia</span> <span class='ocrx_word' id='word_1_260' title='bbox 650 4518 784 4580; x_wconf 64' lang='lat' dir='ltr'>Divina)</span> <span class='ocrx_word' id='word_1_261' title='bbox 808 4514 992 4600; x_wconf 86' lang='lat' dir='ltr'>majestatis</span> <span class='ocrx_word' id='word_1_262' title='bbox 1014 4513 1138 4597; x_wconf 91' lang='lat' dir='ltr'>ubique</span> <span class='ocrx_word' id='word_1_263' title='bbox 1160 4531 1243 4597; x_wconf 81' lang='lat' dir='ltr'>prae-</span> <span class='ocrx_word' id='word_1_264' title='bbox 1262 4537 1401 4600; x_wconf 72' lang='lat' dir='ltr'><strong>A.1).95.*,</strong></span> 
     </span>
    </p>
   </div>
   <div class='ocr_carea' id='block_1_8' title="bbox 330 4612 1366 4759">
    <p class='ocr_par' dir='ltr' id='par_1_16' title="bbox 330 4612 1366 4759">
     <span class='ocr_line' id='line_1_35' title="bbox 330 4612 1366 4759; baseline -0.011 -74"><span class='ocrx_word' id='word_1_265' title='bbox 330 4621 456 4685; x_wconf 83' lang='lat' dir='ltr'>sidente</span> <span class='ocrx_word' id='word_1_266' title='bbox 483 4626 517 4684; x_wconf 87' lang='lat' dir='ltr'>ot</span> <span class='ocrx_word' id='word_1_267' title='bbox 548 4621 618 4685; x_wconf 89' lang='lat' dir='ltr'>sine</span> <span class='ocrx_word' id='word_1_268' title='bbox 654 4620 719 4684; x_wconf 87' lang='lat' dir='ltr'>fine</span> <span class='ocrx_word' id='word_1_269' title='bbox 750 4623 868 4682; x_wconf 82' lang='lat' dir='ltr'>cuncta</span> <span class='ocrx_word' id='word_1_270' title='bbox 893 4616 1123 4703; x_wconf 78' lang='lat' dir='ltr'>gubernante!</span> <span class='ocrx_word' id='word_1_271' title='bbox 1171 4612 1241 4698; x_wconf 84' lang='lat' dir='ltr'>Ego</span> <span class='ocrx_word' id='word_1_272' title='bbox 1254 4627 1366 4759; x_wconf 50' lang='lat' dir='ltr'>{pm</span> 
     </span>
    </p>
   </div>
   <div class='ocr_carea' id='block_1_9' title="bbox 412 4892 1098 5030">
    <p class='ocr_par' dir='ltr' id='par_1_17' title="bbox 412 4892 1098 5030">
     <span class='ocr_line' id='line_1_36' title="bbox 412 4892 1032 4963; baseline -0.023 -8"><span class='ocrx_word' id='word_1_273' title='bbox 412 4907 418 4934; x_wconf 83' lang='lat'>¹</span> <span class='ocrx_word' id='word_1_274' title='bbox 432 4909 446 4931; x_wconf 84' lang='lat'>“</span> <span class='ocrx_word' id='word_1_275' title='bbox 458 4904 550 4963; x_wconf 71' lang='lat' dir='ltr'>Nutrit,</span> <span class='ocrx_word' id='word_1_276' title='bbox 563 4910 587 4952; x_wconf 83' lang='lat' dir='ltr'>ot</span> <span class='ocrx_word' id='word_1_277' title='bbox 599 4903 686 4952; x_wconf 81' lang='lat' dir='ltr'>urtieoe</span> <span class='ocrx_word' id='word_1_278' title='bbox 699 4900 813 4963; x_wconf 84' lang='lat' dir='ltr'>proximu</span> <span class='ocrx_word' id='word_1_279' title='bbox 825 4902 891 4961; x_wconf 75' lang='lat' dir='ltr'>supe</span> <span class='ocrx_word' id='word_1_280' title='bbox 903 4912 959 4945; x_wconf 84' lang='lat' dir='ltr'>rosa</span> <span class='ocrx_word' id='word_1_281' title='bbox 971 4892 1032 4943; x_wconf 84' lang='lat' dir='ltr'>est.&#39;&#39;</span> 
     </span>
     <span class='ocr_line' id='line_1_37' title="bbox 749 4973 1098 5030; baseline -0.037 0"><span class='ocrx_word' id='word_1_282' title='bbox 749 4979 834 5030; x_wconf 82' lang='lat' dir='ltr'>Ovidii</span> <span class='ocrx_word' id='word_1_283' title='bbox 847 4975 944 5026; x_wconf 81' lang='lat' dir='ltr'>Remed.</span> <span class='ocrx_word' id='word_1_284' title='bbox 956 4973 1038 5023; x_wconf 81' lang='lat' dir='ltr'>Amor.</span> <span class='ocrx_word' id='word_1_285' title='bbox 1057 4973 1098 5018; x_wconf 81' lang='grc'>46.</span> 
     </span>
    </p>
   </div>
   <div class='ocr_carea' id='block_1_10' title="bbox 0 0 1914 6450">
    <p class='ocr_par' dir='ltr' id='par_1_18' title="bbox 0 0 1914 6450">
     <span class='ocr_line' id='line_1_38' title="bbox 0 0 1914 6450; baseline 0 3"><span class='ocrx_word' id='word_1_286' title='bbox 0 0 1914 6450; x_wconf 95' lang='lat' dir='ltr'> </span> 
     </span>
    </p>
   </div>
  </div>
 </body>
</html>
