3817 6450
722 1184 824 1233 mam
847 1184 893 1232 nr:
916 1184 1024 1234 urna
1334 1172 1397 1235 129

481 1368 578 1428 terrae
601 1363 644 1428 ab
663 1365 818 1450 aquilone
840 1365 1019 1431 terminum
1043 1371 1197 1431 vocatum
1222 1364 1397 1445 Geacaclae,
1421 1377 1557 1430 Amase.

481 1472 516 1529 et
551 1466 714 1550 quendam
747 1467 854 1531 locum
893 1467 1076 1532 molendini
1113 1489 1171 1553 per
1210 1468 1398 1552 aquilonem
1411 1456 1560 1572 ffiffis

482 1566 782 1655 Mannysbrygghe.
1412 1589 1556 1639 continued

528 1668 564 1732 Si
589 1670 670 1753 quis,
692 1670 781 1756 quod
804 1670 900 1748 absit,
917 1671 1081 1736 diabolico
1106 1671 1242 1735 inflatus
1268 1670 1398 1756 spiritu,

481 1770 565 1835 hanc
588 1794 669 1836 meae
692 1773 937 1858 compositionis
961 1795 998 1837 ac
1021 1773 1260 1838 confimationis
1293 1772 1399 1837 brevi·

482 1872 587 1937 culam
603 1871 759 1938 tenuarel
777 1876 831 1939 vel
854 1875 1034 1961 infringere
1050 1877 1240 1952 tentaverit,
1261 1874 1342 1939 sciat
1364 1896 1399 1939 se

482 1976 661 2040 novissima
684 1998 722 2040 ac
744 1998 866 2063 magua
886 1978 1142 2042 examinationis
1157 1977 1210 2041 die
1225 1977 1307 2041 tuba
1327 1997 1400 2063 per-

483 2082 648 2164 strepente
671 2079 867 2164 archangeli,
884 2079 992 2144 bustis
1014 2085 1131 2165 sponte
1154 2079 1399 2143 dehiscentibus

482 2185 608 2244 somata
635 2181 693 2244 diu
720 2181 805 2245 fessa
834 2181 1109 2266 relinquentibus,
1136 2181 1307 2246 elementis
1330 2202 1398 2245 om-

482 2280 581 2345 nibus
597 2282 784 2367 pavefactis,
796 2305 870 2347 cum
882 2283 905 2347 J
908 2283 974 2346 uda
989 2283 1156 2369 proditore
1172 2283 1228 2368 qui
1244 2306 1264 2346 a
1279 2283 1396 2347 satoris

483 2390 615 2468 prosato
638 2384 726 2448 filius
748 2385 942 2471 perditionis
974 2386 1107 2465 dicitur,
1131 2391 1256 2449 aeterna
1286 2385 1398 2450 confu-

482 2486 572 2549 sione
594 2486 747 2551 edacibus
762 2486 983 2551 ineffabilium
998 2493 1240 2551 tormentorum
1258 2487 1399 2552 flammis

483 2588 673 2673 periturum.
730 2588 842 2674 Hujus
872 2610 1013 2674 namque
1044 2611 1064 2652 a
1087 2589 1159 2654 Deo
1190 2589 1399 2674 Dominoque

483 2687 565 2753 Jesu
585 2689 717 2755 Christo
737 2691 921 2777 inspirante
941 2699 1044 2776 atque
1059 2691 1193 2756 vivente
1215 2691 1399 2755 voluntatis

482 2791 901 2869 scedula,annoDominicae
910 2794 1399 2874 incarnationisnccccxxxw,

483 2895 576 2980 regni
596 2917 674 2959 vero
696 2896 802 2981 gratis
824 2896 906 2961 mihi
928 2898 1093 2961 commissi
1113 2895 1198 2976 viii⁰,
1215 2897 1399 2962 indictione

485 3018 524 3073 v.‚
541 3004 754 3062 concurrente
775 2998 842 3078 vii,
859 3006 976 3086 epacta
990 2999 1045 3077 xi,
1068 2999 1221 3064 kalendis
1244 3000 1399 3064 Januarii

484 3099 587 3175 nonis,
622 3100 703 3164 luna
733 3101 878 3187 rotigere
916 3101 1106 3187 vagationis
1138 3101 1218 3179 xiii,
1251 3102 1288 3164 in
1319 3100 1400 3164 villa

483 3201 637 3266 omnibus
665 3202 837 3268 notissima
860 3225 934 3289 qma
958 3202 1205 3288 Ababrcabarip
1227 3224 1399 3290 nuncupa-

482 3311 546 3382 tur,
571 3305 739 3391 episcopis,
762 3306 949 3385 abbatibus,
973 3306 1121 3382 ducibus,
1145 3306 1262 3393 patriae
1285 3327 1401 3392 procu-

482 3406 657 3484 ratoribus,
684 3407 776 3493 regia
800 3408 991 3495 dapsilitate
1017 3407 1197 3472 ovantibus
1221 3407 1401 3494 perscripta

483 3516 540 3575 est.
587 3511 690 3595 Cujus
705 3511 806 3576 etiam
822 3512 1021 3577 inconcussae
1036 3511 1206 3577 firmitatis
1221 3512 1400 3576 auctoritas

483 3613 535 3677 his
565 3612 707 3678 testibus
736 3613 892 3678 roborata
925 3619 1064 3691 constat,
1097 3635 1236 3699 quorum
1266 3614 1400 3678 nomina

484 3714 602 3780 subtus
625 3715 866 3781 characteribus
889 3716 1020 3802 depicta
1042 3721 1248 3781 annotantur
1259 3741 1311 3780 :—

579 3859 617 3933 -Ι-
642 3854 713 3939 Ego
736 3853 979 3943 AEthelstanuf,
1011 3854 1188 3941 singularis
1232 3853 1399 3940 privilegii

676 3955 888 4021 monarchia²
916 3957 1095 4043 praedictus
1127 3978 1194 4036 rex,
1219 3956 1317 4040 hujus
1347 3956 1400 4019 in·

676 4058 777 4122 diculi
800 4059 1030 4123 fulcimentum
1053 4081 1127 4123 cum
1150 4059 1245 4144 signo
1275 4065 1398 4122 sanctae

678 4181 868 4247 semperque
894 4160 1045 4224 amandae
1068 4160 1170 4224 crucis
1191 4158 1399 4225 corroboravi

674 4267 710 4327 et
723 4262 908 4348 subscripsi.

575 4378 612 4452 -q-
637 4365 708 4451 Ego
732 4364 952 4450 Pullhelmu1·‚
977 4363 1237 4429 Dorobernensis
1259 4363 1454 4431 ecclesiam
1468 4386 1534 4435 rec.

677 4467 945 4553 archiepiscopus,
961 4466 1109 4532 consensi
1131 4472 1166 4531 et
1189 4462 1385 4550 subscripsi³

575 4579 613 4653 -ι-
637 4569 708 4655 Ego
746 4569 947 4655 Pulsatanus,
996 4568 1211 4634 Eboracensis
1260 4565 1400 4632 ecclesiae

678 4669 963 4757 archiepiscopus,³
986 4670 1134 4736 consensi
1156 4675 1190 4734 et
1217 4667 1400 4752 subscripsi.

356 4849 605 4858 ‚—....-,.......
618 4851 633 4854 .-
665 4851 672 4854 -
681 4851 693 4854 -
707 4848 944 4855 ‘——————-——

381 4951 467 5011 wis,
480 4952 574 5000 reniero.
927 4949 1014 4999 ’Alco
1037 4947 1135 4996 written
1161 4945 1187 4994 in
1211 4941 1398 5008 cinglo-Sama

381 5033 391 5061 ²
405 5029 449 5079 Sic
462 5031 488 5079 in
501 5030 566 5090 MS,
578 5031 627 5079 and
646 5030 705 5079 thus
722 5029 855 5078 written-
894 5028 1045 5078 characters.

348 5114 363 5137 ‘¹
376 5110 522 5174 singulaprs
538 5110 671 5173 pprvelegu
683 5107 854 5158 monarchia.’'
950 5117 952 5121 ’
1251 5183 1265 5231 I
