3817 6450
608 1173 710 1223 urana
733 1172 780 1222 nn
803 1170 910 1223 urna,
1220 1152 1284 1225 271

150 1375 170 1409 »n
182 1359 212 1410 of
235 1360 393 1415 educandis
420 1360 546 1416 inultum
568 1366 631 1415 erat
650 1360 808 1423 studiosus,
829 1376 902 1429 qnos
927 1357 1058 1430 quotidie
1080 1363 1167 1414 cautu
1185 1363 1215 1413 et
1231 1358 1289 1414 lec·
1301 1358 1371 1411 ab.
1385 1363 1457 1409 1020.

150 1443 191 1478 ¹¹¹¹·
234 1445 314 1499 tione
332 1446 489 1510 instruere,
504 1450 534 1499 et
552 1444 759 1499 ecelesiasticis
776 1442 878 1499 officiis
894 1443 1016 1498 curabat
1033 1443 1200 1497 informare.
1230 1441 1289 1496 Hic
1302 1443 1403 1492 Annals
1414 1442 1446 1490 oi

235 1530 347 1590 autem
365 1533 508 1588 habuerat
526 1550 618 1586 unum
637 1533 673 1587 do
693 1531 809 1603 capillis
827 1531 993 1588 beatissimi
1010 1532 1104 1603 patris
1123 1529 1287 1592 Guthberti,
1302 1508 1458 1637 gssffifflt

236 1640 324 1693 quem
343 1621 568 1677 adventantibus
588 1639 665 1692 sape
684 1622 786 1676 amicis
805 1620 969 1685 ostendere,
984 1626 1015 1676 et
1031 1637 1066 1674 ex
1084 1620 1136 1674 illo
1155 1619 1291 1674 sanctita·
1303 1640 1446 1692 continue&

235 1712 295 1760 tem
325 1707 390 1777 ejus
420 1706 597 1761 mirantibus
628 1706 694 1776 plus
730 1705 933 1760 admirationis
968 1704 1121 1759 consuevit
1150 1702 1288 1773 adjicere.

237 1790 357 1845 Solebat
375 1807 501 1860 namque
520 1789 642 1860 impleto
660 1789 764 1860 prunis
784 1788 953 1844 ardentibus
973 1788 1113 1852 turibulo,
1135 1805 1223 1859 super
1241 1804 1291 1841 eas

236 1874 334 1945 ipsum
353 1875 492 1945 capillum
505 1890 621 1944 ponere,
636 1873 687 1927 nbi
700 1872 813 1927 diutins
828 1873 940 1942 jacens,
954 1890 1140 1943 nequaquam
1158 1872 1292 1927 consumi

235 1964 365 2029 poterat;
386 1958 438 2013 sed
457 1957 641 2021 candescere,
662 1974 696 2012 ac
720 1956 803 2011 velut
828 1974 933 2011 aurum
955 1958 986 2011 in
1003 1958 1074 2029 igne
1101 1960 1293 2012 consueverat

237 2042 370 2106 rutilare,
390 2041 517 2111 indeque
536 2046 603 2111 post
621 2040 724 2111 longae
748 2057 845 2095 moras
869 2040 1001 2096 sublatus
1019 2042 1050 2095 in
1067 2041 1217 2113 propriam
1234 2040 1292 2095 lor·

237 2142 315 2180 mam
326 2126 469 2196 paulatim
481 2124 587 2179 redire.
627 2124 692 2180 Hoc
705 2142 774 2179 sane
787 2124 963 2180 miraculum
981 2125 1068 2180 multi
1080 2125 1292 2197 discipulorum

238 2208 312 2278 ejus,
333 2208 386 2264 sed
404 2214 434 2262 et
458 2208 577 2279 quidam
601 2208 690 2278 hujus
715 2209 885 2263 monasterii
912 2210 1012 2275 frater,
1031 2210 1133 2265 multas
1152 2207 1292 2279 simplici-

238 2293 307 2347 tatis
339 2299 369 2348 et
398 2292 585 2355 humilitatis,
613 2293 730 2347 nomine
759 2292 889 2356 (lamelo,
923 2293 974 2364 qui
1004 2310 1081 2348 nunc
1111 2294 1141 2347 in
1172 2292 1291 2347 Christo

238 2375 356 2439 dormit,
371 2377 478 2447 sapius
498 2375 663 2439 sevidisse,
678 2382 833 2431 attestatus
852 2377 916 2430 est'
954 2376 1030 2431 Cum
1049 2394 1119 2447 ergo
1137 2376 1291 2448 presbyter

237 2460 376 2531 praefatus
395 2460 545 2515 honestam
565 2478 598 2514 ac
617 2460 787 2530 religiosam
806 2466 910 2530 ageret
921 2459 1023 2524 vitam,
1040 2460 1143 2529 jussus
1157 2478 1208 2530 per
1221 2460 1291 2513 visi·

238 2560 322 2597 ouem
340 2561 393 2615 per
412 2545 534 2613 antiqua
556 2544 803 2598 monasteriorum
831 2550 861 2598 et
887 2543 1078 2599 ecelesiarum
1095 2543 1160 2598 loca
1177 2545 1208 2598 in
1225 2561 1292 2615 pro·

239 2625 335 2685 vincia
364 2624 690 2695 Northanhymbrornm
718 2623 894 2688 discurrere,
923 2641 991 2680 ossa
1020 2630 1196 2689 sanctorum,
1225 2642 1292 2694 quas

237 2708 268 2762 in
285 2708 346 2762 illis
366 2707 482 2779 sepulta
499 2714 629 2772 noverat,
644 2707 680 2763 de
693 2714 773 2762 terra
786 2708 921 2772 elevavit,
936 2725 970 2763 ac
983 2707 1157 2763 declaranda
1174 2707 1291 2779 populis

238 2797 268 2845 et
291 2791 457 2845 veneranda
482 2808 571 2861 supra
598 2791 721 2844 humum
751 2791 847 2846 locata
876 2791 1014 2862 reliqnit;
1046 2809 1121 2856 ossa,
1154 2790 1293 2847 videlicet

236 2872 382 2929 Waltheri
404 2881 434 2929 et
457 2874 613 2941 Wilfridi,²
636 2875 884 2940 anachoritarum,
904 2875 992 2931 Aceae
1011 2892 1127 2947 quoque
1153 2879 1184 2930 et
1200 2874 1290 2929 Alch-

237 2958 348 3022 mundi,
370 2960 575 3029 episcoporum
594 2958 907 3029 Hungustaldensinm,
927 2966 958 3014 et
977 2960 1059 3030 regis
1078 2959 1205 3031 Oswyni,
1226 2977 1291 3014 nec·

237 3060 294 3097 nou
319 3043 408 3097 etiam
438 3043 654 3097 abbatissarum
678 3042 892 3098 venerabilium
918 3043 1010 3097 Ebbse
1037 3050 1067 3097 et
1092 3044 1290 3115 Ethelgythm.

237 3125 281 3179 De
300 3144 426 3196 qnorum
439 3126 571 3181 omnium
591 3126 727 3197 reliqniis
746 3127 875 3197 aliquam
894 3144 994 3181 secum
1006 3133 1120 3198 partem
1139 3129 1169 3182 iu
1182 3127 1291 3181 Dunel-

239 3210 330 3264 mium
350 3208 584 3282 transportavit,³
603 3216 633 3265 et
651 3228 718 3265 oum
738 3210 830 3281 patris
849 3208 1004 3265 Guthberti
1022 3228 1142 3282 corpore
1160 3210 1277 3266 locavit.

272 3293 319 3347 Ad
338 3294 532 3349 Mailrosense
562 3312 677 3366 quoqne
704 3295 915 3349 monasterinm
939 3311 992 3365 per
1016 3295 1225 3349 revelationem
1243 3293 1292 3349 ad-

237 3378 364 3432 monitus
390 3379 589 3449 proficiscens,
616 3395 684 3433 ossa
708 3378 803 3433 sancti
829 3376 959 3442 boisili:
983 3378 1034 3448 qni
1060 3376 1173 3432 sancti*
1199 3378 1291 3433 Onth-

238 3461 313 3517 berti
331 3463 475 3533 magister
495 3463 641 3533 quondam
666 3463 697 3516 in
724 3462 826 3517 eodem
853 3463 1030 3518 monasterio
1058 3463 1203 3528 extiterat,
1223 3464 1292 3518 inde

238 3544 267 3597 in
286 3546 380 3616 ipsius
399 3547 538 3617 discipuli
564 3547 719 3602 eeclesiam
739 3547 900 3612 transtulit,
924 3554 954 3602 et
974 3547 1061 3619 juxta
1086 3547 1167 3602 illius
1187 3565 1292 3618 corpus

238 3629 267 3681 in
291 3630 384 3683 altero
410 3631 517 3685 scrinio
546 3630 683 3685 decenter
710 3630 788 3686 sient
816 3630 956 3686 hactenus
983 3630 1128 3687 habentur
1152 3631 1291 3687 condidit.

237 3712 285 3766 Ad
310 3715 520 3768 monasterium
547 3732 662 3785 quoque
691 3715 769 3785 quod
795 3721 840 3770 est
865 3715 896 3769 in
924 3714 1089 3786 Gyrmnm,
1103 3716 1154 3771 ubi
1181 3715 1293 3772 Bedam

239 3795 388 3850 doctorem
414 3804 628 3861 conversatum,
649 3797 828 3863 defunctum,
855 3804 885 3853 et
910 3799 1060 3870 sepultum
1084 3808 1214 3866 noverat,
1235 3801 1293 3856 sin-

240 3880 319 3949 gulis
338 3881 421 3935 annis
434 3881 607 3935 adveniente
621 3881 823 3936 anniversaria
835 3883 1019 3939 dormitionis
1038 3884 1103 3954 ejus
1122 3885 1170 3940 die
1181 3886 1292 3950 venire,

240 3963 340 4033 ibique
359 3965 496 4034 precibus
515 3971 545 4019 et
563 3965 676 4035 vigiliis
697 3964 808 4019 solebat
826 3967 973 4021 insistere.

275 4046 406 4116 Quodam
427 4055 568 4118 tempore,
588 4049 674 4120 juxta
699 4066 821 4114 morem,
845 4067 972 4121 pergens
998 4052 1060 4116 illo,
1087 4070 1154 4108 cum
1182 4053 1295 4124 aliquot

240 4131 349 4186 ibidem
368 4131 430 4186 dies
451 4133 530 4186 solus
550 4133 580 4185 in
599 4132 724 4186 ecelesia
742 4132 849 4187 orando
868 4144 898 4188 ot
915 4134 1066 4206 vigilando
1090 4137 1292 4208 transegisset,

240 4215 438 4270 nescientibus
459 4216 557 4279 sociis,
579 4233 693 4270 summo
712 4215 842 4272 diluculo
861 4218 940 4274 solus
967 4220 1044 4290 quod
1061 4239 1210 4292 nunquam
1229 4226 1294 4275 unte

240 4307 441 4363 consueverat,
469 4299 660 4354 Dunelmium
684 4300 782 4365 rediit,
815 4301 862 4357 sni
888 4302 1028 4360 videlicet
1052 4305 1157 4360 secreti
1180 4304 1294 4359 nullum

239 4382 340 4437 volens
361 4389 466 4438 testem
485 4383 602 4437 habere.
639 4383 717 4438 Nam
737 4403 804 4439 cum
822 4386 925 4442 multis
943 4394 1046 4459 postea
1059 4389 1181 4444 vixisset
1199 4388 1292 4452 annis,

241 4465 279 4519 ad
305 4468 460 4536 praefatum
489 4468 699 4522 monasterium
725 4475 863 4540 tanquam
889 4470 953 4540 jam
980 4473 1102 4543 adeptus
1135 4470 1191 4541 [id]
1217 4470 1434 4542 quadratura

241 4551 448 4621 concupiverat
466 4551 593 4621 amplius
612 4552 712 4606 venire
731 4570 788 4606 non
806 4555 929 4609 curavit.
968 4553 1052 4611 Unde
1071 4556 1179 4627 saepius
1197 4572 1215 4610 a
1232 4555 1294 4611 suis

242 4633 429 4689 familiariter
447 4635 615 4705 requisitus
629 4636 749 4690 ubinam
767 4637 942 4695 venerabilis
961 4639 1050 4696 Bedae
1074 4657 1141 4695 essa
1163 4639 1293 4709 requies-

275 4862 423 4911 ¹ulleslatus
440 4864 490 4928 est]
516 4865 541 4912 S.
567 4865 611 4926 1),
635 4866 747 4914 arrestari
823 4868 1033 4933 'iruuqiorlcciq
1054 4868 1079 4917 S.
1092 4868 1133 4927 1),
1144 4870 1289 4933 asportarit.

244 4948 311 4988 aaut.
824 4944 948 5012 ⁴Roisi12]
964 4946 989 4997 S.
1002 4947 1044 5007 D.‚
1056 4944 1154 4996 Ber'sr‘b'.

275 5017 422 5068 ²Wultheri
444 5028 468 5068 et
497 5019 622 5087 Wilsrdi]
655 5023 680 5075 S.
704 5024 746 5087 D.,
824 5025 938 5091 ⁵0⁶1qu
952 5023 1114 5087 S.D.,beuu.

240 5097 359 5149 Balacri
370 5107 394 5149 et
405 5098 520 5162 Bilsridi.
