3817 6450
723 1188 824 1240 amsa
845 1188 892 1239 na
917 1186 1022 1238 urna
1355 1173 1396 1236 35

348 1380 409 1435 licis
428 1379 503 1435 viris
525 1378 660 1435 ecclesie
678 1378 809 1444 traditas,
830 1396 896 1450 quae
914 1378 1110 1434 tuncanobis
1128 1377 1231 1433 audire
1244 1383 1274 1435 et
1285 1377 1395 1443 videre,
1409 1382 1479 1436 AD.
1491 1386 1558 1436 885?

348 1471 375 1521 et
391 1471 495 1537 postea
513 1465 550 1520 ab
569 1464 673 1520 eodem
690 1481 742 1519 suo
759 1469 876 1536 pastore
894 1468 925 1518 et
941 1463 1069 1527 doctore,
1090 1463 1250 1519 secundum
1273 1464 1397 1520 sormam

335 1568 363 1605 -s
377 1550 461 1605 nobis
480 1548 554 1605 sibi¹
573 1549 721 1614 traditam
741 1549 853 1605 discere
877 1549 1036 1620 potuerint,
1055 1548 1170 1604 cunctis
1197 1548 1300 1603 diebus
1325 1549 1397 1603 irre·

348 1634 524 1706 fragibiliter
535 1635 612 1690 velle
626 1633 782 1690 custodire.
821 1632 904 1703 Quod
922 1651 990 1688 oum
1002 1633 1133 1697 fecerint,
1148 1632 1248 1689 divina
1264 1633 1398 1689 benedic·
1411 1634 1453 1686 sol.
1466 1640 1480 1685 6
1492 1651 1515 1685 a.

348 1719 432 1783 tione,
452 1725 483 1775 et
500 1719 580 1774 beati
605 1718 736 1790 Remigii
762 1717 943 1782 auctoritato,
963 1735 1017 1789 per
1033 1723 1167 1773 nostrum
1190 1717 1396 1784 ministerium,

348 1810 375 1859 et
386 1804 603 1875 impositionem
612 1820 761 1869 manuum,
774 1820 855 1859 more
868 1802 1067 1858 ecclesiastico
1079 1802 1397 1868 decenterordinatum,

348 1894 376 1943 ot
392 1889 423 1942 in
440 1888 576 1944 omnibus
588 1889 758 1960 plenissime
775 1890 962 1953 instructum,
976 1888 1152 1959 accipientes
1165 1888 1250 1943 illum
1261 1890 1318 1944 sibi
1330 1908 1398 1946 cum

349 1973 444 2029 debito
472 1974 580 2029 honore
610 1972 756 2029 deducent
780 1972 818 2028 ad
835 1973 985 2045 propriam
1013 1972 1123 2037 sedem,
1143 1973 1255 2029 alacres
1279 1980 1310 2048 et
1336 1975 1398 2030 laeti

349 2057 403 2128 ipsi
428 2059 508 2113 omni
526 2063 656 2129 tempore
674 2057 834 2129 patrocinio
852 2058 933 2112 illius
945 2056 1076 2121 fruituri,
1097 2057 1284 2129 doctrinaque
1303 2064 1333 2114 et
1351 2077 1398 2113 ex-

349 2143 442 2213 emplo
460 2143 525 2213 ejus
540 2142 655 2214 jugiter
672 2141 845 2197 instruendi.
884 2140 960 2211 Quia
974 2160 1044 2197 vero
1064 2143 1084 2169 ‘⁴
1096 2142 1210 2196 sobaba
1225 2148 1292 2198 aunt
1301 2162 1356 2215 pro
1368 2163 1397 2198 se

352 2228 369 2254 “
387 2228 508 2283 inuicem
530 2226 661 2290 nwmbro,
687 2230 712 2281 et
728 2226 773 2282 uei
796 2245 854 2281 urso
877 2225 1024 2297 gaudente,
1053 2228 1248 2297 coraqcudent5
1272 2229 1317 2282 cel
1340 2248 1398 2284 uno

351 2314 369 2338 “
383 2314 516 2385 patiente,
531 2311 747 2383 wrnputiuatur,
763 2315 861 2367 scebro
874 2311 1045 2375 menbrum
1059 2318 1166 2368 vestre
1178 2312 1269 2383 regim
1280 2314 1398 2369 celsitu·

350 2394 417 2463 dini,
431 2415 466 2452 ao
477 2396 741 2469 providentissime
758 2395 986 2461 mansuetudini,
999 2396 1137 2468 deinceps
1155 2398 1240 2452 illum
1258 2399 1397 2454 attentius

351 2498 382 2537 ao
398 2482 556 2555 specialius
575 2482 820 2547 commendemus,
835 2488 979 2553 quatenus
998 2481 1139 2554 quicquid
1158 2482 1195 2537 ad
1213 2483 1396 2539 honestatem

351 2566 479 2623 molesia
498 2573 528 2622 et
545 2567 739 2623 eruditionem
765 2566 861 2637 gentis
886 2572 993 2622 vestre
1017 2584 1179 2638 congruum
1197 2573 1228 2622 et
1250 2568 1333 2633 utile,
1354 2586 1397 2623 se·

352 2653 475 2707 cundum
493 2653 662 2707 canonicam
686 2652 899 2715 anctoritatem,
919 2657 950 2706 et
968 2651 1102 2706 ecclesiae
1119 2657 1226 2706 nostrae
1244 2658 1398 2709 consuetu-

351 2736 445 2791 dinem
462 2737 593 2809 potuerit
610 2736 760 2801 invenire;
785 2734 880 2790 libera
892 2735 1074 2800 auctoritate,
1094 2736 1204 2807 absque
1222 2736 1313 2792 ullius
1331 2754 1398 2793 con·

351 2822 531 2886 mediatione,
545 2839 661 2893 semper
678 2821 772 2893 possit
783 2821 886 2876 dooere
899 2827 929 2875 et
940 2837 1027 2892 opere
1045 2820 1215 2893 adimplere.
1253 2821 1300 2878 Ne
1313 2822 1397 2889 forte,

353 2908 426 2978 qnod
444 2907 533 2971 absit,
546 2906 691 2962 diabolico
703 2906 850 2979 quispiam
868 2906 1009 2961 instinctu
1027 2910 1128 2962 conha
1139 2923 1207 2961 eum
1219 2907 1282 2962 nelo
1295 2906 1398 2964 livoris

352 2998 380 3047 et
395 2992 608 3048 malevolentia)
626 2992 741 3056 ductus,
761 2991 988 3048 controversiam
1012 2997 1137 3056 moveat,
1157 2997 1208 3046 aut
1226 2991 1399 3048 seditionem

352 3077 481 3133 concitet.
519 3076 660 3134 Vestrum
679 3078 778 3149 itaque
802 3076 859 3132 erit
876 3077 932 3131 hoo
950 3076 1068 3131 omnino
1091 3075 1245 3148 providere
1263 3094 1297 3131 ac
1315 3078 1400 3148 regia

352 3179 471 3218 censura
488 3162 573 3228 tales,
588 3163 678 3234 siqui
696 3162 771 3217 forte
789 3162 882 3217 exorti
901 3161 1020 3225 fuerint,
1035 3160 1208 3215 omnimodis
1226 3161 1396 3233 reprimere,

352 3247 589 3320 barbaricamque
614 3248 760 3304 tentatam
786 3248 877 3303 haeno
903 3247 995 3303 vestri
1022 3246 1227 3301 moderaminis
1251 3245 1396 3303 cohibere.

315 3332 318 3339 ’
354 3333 436 3389 Illius
454 3341 553 3389 autem
571 3334 710 3406 pastorali
728 3333 848 3389 solertia
866 3332 923 3389 sibi
935 3331 1158 3386 commissorum
1176 3331 1264 3386 saluti
1283 3348 1399 3403 semper

353 3418 511 3484 consulere,
531 3424 562 3472 et
579 3422 645 3490 post
661 3435 693 3474 se
717 3418 879 3482 universos,
908 3417 1007 3489 potius
1032 3432 1131 3472 amore
1155 3414 1281 3480 trahere,
1310 3433 1397 3488 quam

353 3509 460 3559 terrore
478 3520 593 3575 cogere.

383 3588 516 3644 Gaudeat
534 3605 649 3658 semper
662 3605 695 3642 ac
708 3588 808 3660 vigeat
820 3589 851 3643 in
863 3588 991 3651 Christo,
1012 3585 1095 3657 Rege
1113 3603 1217 3657 regum
1230 3590 1261 3640 et
1273 3585 1397 3642 Domino

353 3674 541 3736 dominorum,
555 3678 655 3728 vestra
666 3672 794 3744 dignitas
812 3673 1005 3742 nobilissima,
1019 3673 1112 3745 pietas
1125 3672 1318 3739 sanctissima,
1331 3688 1397 3729 nec·

352 3777 405 3817 non
423 3759 566 3817 fortitudo
582 3759 786 3817 invictissima.

353 4071 384 4164 [i
408 4078 435 4141 3.
464 4073 527 4142 ate
543 4072 690 4140 Mioaion
712 4073 752 4157 os
763 4071 949 4151 &nantolii
971 4074 1044 4138 aad
1062 4072 1116 4138 tta
1134 4072 1272 4143 altrea
1294 4080 1325 4141 io
1346 4072 1397 4142 tte

628 4176 768 4242 Cominii
794 4175 868 4242 leto
891 4175 935 4242 ic
960 4175 1130 4264 Emodon]

393 4371 493 4436 Anno
524 4369 627 4456 igitur
649 4367 692 4432 ab
715 4366 941 4433 incarnatione
965 4366 1110 4446 Domini,
1127 4370 1397 4458 octingentesimo
1410 4397 1559 4450 insanum

350 4473 550 4560 octogesimo
574 4471 699 4557 quinto,
722 4470 818 4556 jussu
846 4470 1006 4552 Folconis,
1040 4471 1209 4539 Remensis
1239 4466 1552 4589 amhi⁰pi'i”1i¹iii

349 4577 446 4664 scopi,
470 4574 660 4663 pariterque
694 4578 813 4660 rogatu
846 4573 973 4662 proprii
1010 4573 1151 4655 abbatis,
1174 4577 1398 4643 sanctissimus
1438 4571 1445 4585 ’
1472 4572 1478 4584 ’
1544 4569 1551 4584 ’

349 4679 486 4745 Domini
515 4678 678 4744 confessor
702 4675 924 4756 Grimbaidus,
954 4679 1106 4766 exemplo
1135 4679 1316 4745 beatissimi
1340 4703 1399 4768 pa-

348 4781 502 4848 triarchae
524 4780 676 4857 Abrahae,
700 4779 868 4866 egrediens
891 4781 931 4846 do
968 4784 1056 4847 terra
1077 4786 1112 4848 et
1142 4782 1182 4849 de
1204 4783 1398 4869 cognatione

348 4908 418 4966 sua,
434 4884 608 4973 Anglicam
624 4888 745 4950 terram
764 4883 958 4972 ingreditur,
974 4884 1032 4951 ubi
1046 4885 1081 4951 in
1103 4891 1237 4973 gentem
1252 4887 1398 4953 excrevit

551 5060 557 5063 .
578 5059 666 5064 --,..-
692 5059 925 5066 -—-„-—-—-,..-.
1135 5060 1395 5068 ..Α-.----.-.-.---4

381 5164 388 5192 ¹
402 5160 464 5225 siti]
485 5160 536 5211 Not
547 5160 574 5214 in
585 5161 653 5217 Ford
664 5162 864 5226 Manatum.
879 5162 885 5230 Ι
931 5165 941 5194 ²
954 5167 965 5213 1
980 5162 1037 5216 Cor.
1050 5163 1095 5217 xit
1107 5168 1148 5224 25,
1160 5170 1199 5215 26.

1201 5261 1222 5311 o
1244 5248 1265 5311 2
