3817 6450
748 1163 850 1212 arans
871 1166 918 1212 aa
940 1165 1046 1214 arna
1357 1145 1422 1218 273
1457 1128 1462 1140 ’

280 1345 360 1397 rone!
379 1349 482 1415 egreia
505 1350 566 1400 tota
594 1345 754 1411 Britannia,
788 1353 1000 1418 congregantes
1026 1347 1236 1419 discipulorum
1262 1353 1419 1414 catervam,
1466 1358 1549 1424 (ΑΙ).

280 1428 334 1464 ω·
378 1430 507 1484 scientim
532 1431 668 1485 salutaris
691 1431 822 1501 quotidie
842 1432 964 1486 flumina
988 1432 1147 1502 irrigandis
1166 1449 1266 1486 eorum
1285 1432 1420 1488 cordibus
1443 1429 1582 1493 ⁶⁷³·⁷³⁵·)

378 1514 558 1578 emanabant,
578 1515 620 1568 ita
640 1521 674 1569 ut
697 1515 785 1569 etiam
812 1515 941 1570 metricae
967 1516 1048 1580 artis,
1068 1516 1261 1580 astronomiae,
1281 1523 1311 1571 et
1334 1517 1422 1571 arith·

377 1597 491 1652 metica)
509 1598 714 1653 ecclesiasticae
738 1598 921 1670 disciplinam
940 1600 1017 1654 inter
1036 1617 1185 1654 sacrorum
1203 1601 1318 1671 apicum
1341 1600 1423 1655 volu-

378 1685 457 1740 mina
483 1686 545 1741 suis
569 1686 751 1741 auditoribus
779 1686 1029 1742 contradiderint.¹
1080 1686 1130 1742 Sic
1153 1687 1231 1742 enim
1256 1687 1292 1743 de
1315 1688 1363 1744 his
1387 1680 1423 1743 in

376 1772 486 1839 libello
509 1774 558 1839 De
585 1774 668 1840 Vite
696 1774 904 1840 Venerabilis
926 1775 1024 1841 Badeo
1046 1776 1257 1842 continetur.²
1310 1787 1423 1841 Indicio

378 1887 424 1935 est
450 1882 528 1951 quod
554 1879 629 1959 post
656 1873 732 1938 illos
758 1873 855 1937 multi
879 1874 936 1937 diu
967 1881 1124 1959 superant
1148 1882 1184 1936 de
1211 1899 1313 1937 eornm
1335 1883 1423 1938 disci-

377 1968 455 2037 pulis
479 1971 530 2040 qui
554 1970 689 2026 Latinam
714 1971 905 2040 Graecamque
929 1970 1062 2041 linguam
1087 1987 1171 2041 oeque
1198 1980 1231 2026 ut
1257 1971 1423 2043 propriam⁸

377 2052 408 2104 in
427 2071 485 2123 qua
501 2055 563 2108 nati
583 2062 651 2109 sunt
669 2063 784 2109 norunt.

422 2136 532 2222 Hujus
555 2140 752 2204 venerabilis
775 2140 875 2204 Bedae
897 2139 999 2203 verba
1021 2139 1152 2226 propria
1166 2139 1207 2202 de
1222 2138 1324 2223 ipsius
1346 2144 1421 2204 ortu
1435 2149 1593 2202 damnatos

376 2244 412 2303 et
433 2261 610 2326 progressu,
634 2242 668 2305 id
692 2249 750 2319 est,
772 2242 1022 2307 conversatione
1044 2247 1078 2305 et
1101 2263 1204 2327 opere,
1228 2241 1264 2304 in
1285 2241 1351 2306 fine
1373 2217 1588 2336 Deffilfilffgffl

280 2392 288 2405 .
378 2341 482 2408 Gestis
519 2343 717 2428 Astylorron
754 2344 925 2430 descripta,
964 2366 1142 2429 congruum
1175 2344 1309 2408 videtur
1345 2344 1422 2409 huic
1433 2350 1462 2400 of
1468 2350 1547 2403 Beda

376 2446 464 2530 operi
487 2444 554 2510 fore
585 2447 764 2512 inserenda.
810 2447 893 2526 Quae
922 2452 1001 2510 sunt
1030 2446 1100 2510 baec
1126 2446 1162 2509 in
1191 2444 1316 2510 forma:
1349 2455 1421 2513 Haec

376 2547 412 2601 de
430 2548 553 2602 historia
570 2549 768 2604 ecclesiastica
786 2548 1006 2603 Britanniarum
1024 2552 1054 2601 et
1077 2547 1201 2601 maximo
1226 2548 1322 2617 gentis
1340 2546 1421 2619 Ang-

375 2630 480 2695 lorum,
500 2639 588 2703 prout
604 2633 651 2687 vel
671 2652 706 2688 ex
723 2633 817 2687 literis
836 2633 1031 2702 antiquorum,
1051 2631 1099 2685 vel
1123 2648 1157 2684 ex
1181 2631 1337 2687 traditione
1361 2634 1474 2688 maloi.
1486 2641 1553 2687 aaa

373 2714 480 2786 joram,
501 2717 548 2770 vel
567 2735 601 2770 ex
620 2735 685 2771 mea
703 2718 765 2787 ipse
784 2716 958 2787 cognitione,
979 2715 1054 2769 sciro
1078 2715 1170 2785 potui,
1196 2714 1321 2769 Domino
1340 2714 1421 2785 adju-

375 2806 469 2862 vante,
489 2800 601 2871 digessi
619 2801 709 2865 Bcda,
730 2801 856 2855 famulus
876 2800 986 2856 Christi
1006 2805 1035 2854 et
1052 2799 1206 2872 presbyter
1226 2796 1420 2870 [monasterii]

376 2883 526 2937 beatorum
546 2885 742 2955 apostolorum
762 2885 844 2939 Petri
869 2890 899 2938 ct
922 2883 1008 2938 Pauli
1034 2883 1112 2954 quod
1137 2889 1182 2938 est
1206 2883 1243 2937 ad
1265 2882 1420 2938 Wermuth

376 2967 453 3021 etin
472 2966 621 3038 Gyrnum3
642 2969 693 3039 qui
709 2975 795 3023 natus
813 2974 858 3022 est
876 2969 906 3021 in
924 2966 1073 3022 territorio
1091 2966 1223 3037 ejusdem
1240 2966 1418 3022 monasterii.

377 3049 451 3105 Cum
478 3070 574 3107 essem
602 3071 743 3106 annorum
762 3058 874 3122 septem
901 3069 973 3105 cura
993 3051 1224 3121 propinquorum
1249 3049 1335 3105 datus
1355 3068 1421 3105 sum

376 3134 541 3191 educandus
569 3136 814 3191 reverendissimo
836 3135 936 3190 abbati
957 3133 1126 3196 Benedicta
1154 3151 1188 3188 ac
1204 3132 1310 3188 deindo
1337 3134 1420 3188 Cacl-

377 3220 468 3285 l'rid03
489 3229 685 3292 cunctumque
704 3239 738 3275 ex
758 3238 791 3274 eo
810 3228 924 3291 tempus
950 3218 1019 3274 vitae
1041 3218 1071 3273 in
1095 3217 1226 3288 ejusdem
1250 3218 1419 3273 monasterii

375 3304 551 3359 habitatione
581 3323 724 3376 peragens
760 3322 875 3359 omnem
905 3302 1079 3358 meditandis
1111 3301 1265 3373 scripturis
1300 3318 1418 3371 operam

376 3388 464 3452 dedi;
483 3400 570 3459 atque
588 3392 665 3444 int-er
683 3389 897 3445 observantiam
916 3387 1077 3458 disciplinas
1101 3387 1247 3456 regularis
1271 3392 1301 3441 et
1324 3385 1418 3456 quoti·

376 3472 490 3527 dianam
521 3474 656 3528 cantandi
688 3471 767 3543 [in]⁴
798 3472 922 3527 ecclesia
946 3489 1046 3526 curam
1071 3488 1186 3542 semper
1216 3476 1268 3525 aut
1295 3469 1417 3533 discere,

376 3563 426 3611 aut
450 3556 563 3620 docere,
591 3564 642 3612 aut
666 3557 804 3621 scribere,
834 3556 918 3611 dulce
948 3555 1047 3610 habui.
1096 3554 1295 3610 Nonodecimo
1320 3559 1418 3609 autem

376 3640 443 3694 vita)
467 3659 540 3694 mern
560 3660 633 3695 anno
652 3641 846 3705 diaconatum,
866 3640 1017 3695 tricesimo
1041 3639 1165 3709 gradum
1188 3637 1417 3709 presbyteratus,

376 3732 532 3796 utrumque
550 3744 604 3796 per
627 3726 823 3780 ministerium
849 3724 1086 3779 reverendissimi
1111 3723 1240 3794 episcopi
1265 3723 1417 3787 Johannis,

371 3808 493 3877 jubente
521 3808 668 3863 Ceolfrido
693 3809 805 3874 abbate,
834 3808 959 3879 suscepi.
998 3808 1042 3861 Ex
1067 3824 1125 3878 quo
1144 3813 1275 3879 tempore
1306 3808 1418 3879 accepti

374 3893 591 3962 presbyteratus
611 3911 705 3963 usquc
732 3894 769 3947 ad
789 3911 895 3947 annum
920 3892 1018 3946 aetatis
1042 3909 1115 3945 mem
1138 3892 1416 3962 quinquagesimum

374 3995 490 4041 nonum,
508 3977 571 4033 haic
589 3979 618 4031 in
638 3979 814 4048 scripturam
833 3983 963 4032 sanctam
981 3995 1054 4031 mom
1073 3994 1264 4047 meorumque
1291 3977 1417 4031 necessi-

373 4062 428 4116 tati
446 4079 481 4116 ex
499 4062 648 4132 opusculis
669 4061 881 4116 venerabilium
899 4068 1016 4131 patrum
1040 4060 1169 4115 breviter
1187 4066 1334 4124 annotare,
1355 4060 1416 4114 sive

374 4146 461 4200 etiam
485 4146 523 4200 ad
544 4147 667 4200 sormam
688 4163 791 4201 sensus
815 4151 846 4200 et
863 4144 1113 4215 interpretationis
1131 4161 1233 4199 eorum
1257 4144 1418 4215 superadji-

375 4246 450 4293 cere,
470 4229 626 4284 curavi:-

408 4312 445 4367 Iu
462 4313 638 4384 principium
657 4312 790 4376 Genesis,
810 4311 959 4383 usquead
977 4312 1161 4367 nativitatem
1182 4310 1276 4378 Isaac,
1296 4318 1326 4368 et
1342 4312 1417 4383 ajec-

373 4397 481 4452 tionem
500 4395 644 4460 Ismaelis,
665 4396 754 4451 libros
773 4403 843 4451 tres.

408 4479 453 4535 Da
470 4481 665 4539 tabernaculo,
683 4487 714 4536 ct
731 4481 809 4537 rasis
828 4480 901 4550 ejus,
915 4496 949 4534 ao
966 4478 1099 4534 vestibus
1118 4479 1310 4543 sacerdotnm,
1324 4479 1415 4534 libros

373 4571 442 4623 tres.

374 4732 984 4743 ——n-----———--.-.---.-
999 4733 1001 4737 ·
1014 4732 1042 4740 .-
1077 4734 1083 4738 -
1101 4732 1143 4738 ...-

406 4864 692 4923 ¹s.1).‚c0naadmni.
909 4836 1000 4902 jungit.
1034 4834 1134 4926 Indicio
1162 4844 1207 4896 est,
1233 4838 1318 4901 inquit,
1348 4837 1416 4900 quod

404 4969 452 5019 ²S.
474 4969 515 5027 1),
535 4969 578 5020 Sic
599 4969 666 5017 enim
687 4969 717 5017 de
737 4969 777 5016 his
799 4965 870 5016 Beda
915 4913 1329 5060 ωἵῖνῗὲἷζὲἳρὲῗῖῗωίω.

372 5050 424 5113 ipse
446 5048 557 5112 loquitur,
580 5047 672 5108 deinde,
695 5055 719 5096 cl
735 5045 801 5095 istud
815 5045 871 5094 rub-
950 5072 1037 5136 ‘Ms.,
1048 5082 1078 5123 ey·

1264 5172 1282 5218 S
