<?xml version="1.0" encoding="UTF-8"?>
<!DOCTYPE html PUBLIC "-//W3C//DTD XHTML 1.0 Transitional//EN"
    "http://www.w3.org/TR/xhtml1/DTD/xhtml1-transitional.dtd">
<html xmlns="http://www.w3.org/1999/xhtml" xml:lang="en" lang="en">
 <head>
  <title>
</title>
<meta http-equiv="Content-Type" content="text/html;charset=utf-8" />
  <meta name='ocr-system' content='tesseract 3.04.00' />
  <meta name='ocr-capabilities' content='ocr_page ocr_carea ocr_par ocr_line ocrx_word'/>
</head>
<body>
  <div class='ocr_page' id='page_1' title='image "./libermonasterii00edwagoog_0177.png"; bbox 0 0 3817 6450; ppageno 0'>
   <div class='ocr_carea' id='block_1_1' title="bbox 704 1196 1379 1267">
    <p class='ocr_par' dir='ltr' id='par_1_1' title="bbox 704 1196 1379 1267">
     <span class='ocr_line' id='line_1_1' title="bbox 704 1196 1379 1267; baseline -0.001 0"><span class='ocrx_word' id='word_1_1' title='bbox 704 1219 808 1267; x_wconf 82' lang='lat' dir='ltr'>mean</span> <span class='ocrx_word' id='word_1_2' title='bbox 830 1218 876 1267; x_wconf 88' lang='lat' dir='ltr'>on</span> <span class='ocrx_word' id='word_1_3' title='bbox 899 1216 1006 1265; x_wconf 77' lang='lat' dir='ltr'>suns.</span> <span class='ocrx_word' id='word_1_4' title='bbox 1258 1196 1263 1210; x_wconf 86' lang='grc'><em>’</em></span> <span class='ocrx_word' id='word_1_5' title='bbox 1336 1197 1379 1266; x_wconf 87' lang='grc'>57</span> 
     </span>
    </p>
   </div>
   <div class='ocr_carea' id='block_1_2' title="bbox 355 1490 1550 1831">
    <p class='ocr_par' dir='ltr' id='par_1_2' title="bbox 355 1490 1550 1831">
     <span class='ocr_line' id='line_1_2' title="bbox 355 1490 1550 1587; baseline -0.018 -19"><span class='ocrx_word' id='word_1_6' title='bbox 355 1500 410 1583; x_wconf 81' lang='lat' dir='ltr'>(c.)</span> <span class='ocrx_word' id='word_1_7' title='bbox 434 1496 645 1587; x_wconf 73' lang='lat' dir='ltr'>Exploaotio</span> <span class='ocrx_word' id='word_1_8' title='bbox 669 1497 871 1565; x_wconf 77' lang='lat' dir='ltr'>Testamenti</span> <span class='ocrx_word' id='word_1_9' title='bbox 892 1496 981 1582; x_wconf 71' lang='lat' dir='ltr'>regis</span> <span class='ocrx_word' id='word_1_10' title='bbox 1003 1491 1151 1581; x_wconf 69' lang='lat' dir='ltr'>Alfrali,</span> <span class='ocrx_word' id='word_1_11' title='bbox 1175 1491 1218 1559; x_wconf 80' lang='lat' dir='ltr'>ia</span> <span class='ocrx_word' id='word_1_12' title='bbox 1241 1490 1367 1577; x_wconf 65' lang='lat' dir='ltr'>liapaa</span> <span class='ocrx_word' id='word_1_13' title='bbox 1395 1503 1550 1555; x_wconf 63' lang='lat' dir='ltr'>anses?</span> 
     </span>
     <span class='ocr_line' id='line_1_3' title="bbox 723 1595 937 1663; baseline -0.028 3"><span class='ocrx_word' id='word_1_14' title='bbox 723 1648 726 1654; x_wconf 90' lang='lat'>-</span> <span class='ocrx_word' id='word_1_15' title='bbox 788 1595 937 1663; x_wconf 64' lang='lat' dir='ltr'>Latina}</span> 
     </span>
     <span class='ocr_line' id='line_1_4' title="bbox 513 1736 1490 1831; baseline -0.015 -19"><span class='ocrx_word' id='word_1_16' title='bbox 513 1743 584 1831; x_wconf 86' lang='lat' dir='ltr'>Ego</span> <span class='ocrx_word' id='word_1_17' title='bbox 600 1743 764 1821; x_wconf 82' lang='lat' dir='ltr'>Alfredus,</span> <span class='ocrx_word' id='word_1_18' title='bbox 782 1743 895 1809; x_wconf 88' lang='lat' dir='ltr'>divino</span> <span class='ocrx_word' id='word_1_19' title='bbox 912 1764 1056 1821; x_wconf 90' lang='lat' dir='ltr'>munere,</span> <span class='ocrx_word' id='word_1_20' title='bbox 1079 1740 1190 1806; x_wconf 91' lang='lat' dir='ltr'>labore</span> <span class='ocrx_word' id='word_1_21' title='bbox 1212 1761 1250 1803; x_wconf 86' lang='lat' dir='ltr'>ao</span> <span class='ocrx_word' id='word_1_22' title='bbox 1273 1736 1384 1802; x_wconf 91' lang='lat' dir='ltr'>studio</span> <span class='ocrx_word' id='word_1_23' title='bbox 1397 1750 1421 1793; x_wconf 78' lang='lat'>3·</span> <span class='ocrx_word' id='word_1_24' title='bbox 1434 1741 1490 1792; x_wconf 84' lang='lat' dir='ltr'>The</span> 
     </span>
    </p>
   </div>
   <div class='ocr_carea' id='block_1_3' title="bbox 471 1825 1503 1929">
    <p class='ocr_par' dir='ltr' id='par_1_3' title="bbox 471 1825 1503 1929">
     <span class='ocr_line' id='line_1_5' title="bbox 471 1825 1503 1929; baseline -0.005 -23"><span class='ocrx_word' id='word_1_25' title='bbox 471 1842 626 1907; x_wconf 87' lang='lat' dir='ltr'>Etheredi</span> <span class='ocrx_word' id='word_1_26' title='bbox 671 1842 912 1929; x_wconf 89' lang='lat' dir='ltr'>archiepiscopi,</span> <span class='ocrx_word' id='word_1_27' title='bbox 948 1863 1077 1906; x_wconf 88' lang='lat' dir='ltr'>necnon</span> <span class='ocrx_word' id='word_1_28' title='bbox 1125 1838 1226 1904; x_wconf 90' lang='lat' dir='ltr'>totius</span> <span class='ocrx_word' id='word_1_29' title='bbox 1279 1825 1503 1927; x_wconf 45' lang='lat' dir='ltr'>West-ffliemln</span> 
     </span>
    </p>
   </div>
   <div class='ocr_carea' id='block_1_4' title="bbox 471 1939 1501 2124">
    <p class='ocr_par' dir='ltr' id='par_1_4' title="bbox 471 1939 1501 2124">
     <span class='ocr_line' id='line_1_6' title="bbox 471 1939 1501 2026; baseline -0.009 -21"><span class='ocrx_word' id='word_1_30' title='bbox 471 1942 616 2007; x_wconf 72' lang='lat' dir='ltr'>saxoniae</span> <span class='ocrx_word' id='word_1_31' title='bbox 646 1941 832 2007; x_wconf 74' lang='lat' dir='ltr'>nobilitatis</span> <span class='ocrx_word' id='word_1_32' title='bbox 856 1963 1015 2007; x_wconf 89' lang='lat' dir='ltr'>consensu</span> <span class='ocrx_word' id='word_1_33' title='bbox 1038 1939 1162 2026; x_wconf 89' lang='lat' dir='ltr'>pariter</span> <span class='ocrx_word' id='word_1_34' title='bbox 1184 1942 1218 2002; x_wconf 92' lang='lat' dir='ltr'>et</span> <span class='ocrx_word' id='word_1_35' title='bbox 1241 1956 1383 2013; x_wconf 85' lang='lat' dir='ltr'>assensu,</span> <span class='ocrx_word' id='word_1_36' title='bbox 1397 1972 1439 2022; x_wconf 85' lang='lat' dir='ltr'>sol.</span> <span class='ocrx_word' id='word_1_37' title='bbox 1453 1977 1467 2021; x_wconf 76' lang='lat'>9</span> <span class='ocrx_word' id='word_1_38' title='bbox 1478 1987 1501 2021; x_wconf 85' lang='lat' dir='ltr'>c.</span> 
     </span>
     <span class='ocr_line' id='line_1_7' title="bbox 472 2033 1384 2124; baseline -0.009 -20"><span class='ocrx_word' id='word_1_39' title='bbox 472 2040 732 2105; x_wconf 78' lang='lat' dir='ltr'>occidentalium</span> <span class='ocrx_word' id='word_1_40' title='bbox 766 2040 936 2105; x_wconf 85' lang='lat' dir='ltr'>Saxonum</span> <span class='ocrx_word' id='word_1_41' title='bbox 971 2062 1038 2116; x_wconf 85' lang='lat' dir='ltr'>rex,</span> <span class='ocrx_word' id='word_1_42' title='bbox 1073 2060 1154 2124; x_wconf 86' lang='lat' dir='ltr'>quos</span> <span class='ocrx_word' id='word_1_43' title='bbox 1177 2036 1214 2099; x_wconf 91' lang='lat' dir='ltr'>iu</span> <span class='ocrx_word' id='word_1_44' title='bbox 1237 2033 1384 2100; x_wconf 89' lang='lat' dir='ltr'>testimo-</span> 
     </span>
    </p>
   </div>
   <div class='ocr_carea' id='block_1_5' title="bbox 412 2138 1455 4893">
    <p class='ocr_par' dir='ltr' id='par_1_5' title="bbox 412 2138 1455 4893">
     <span class='ocr_line' id='line_1_8' title="bbox 472 2138 1386 2227; baseline -0.008 -21"><span class='ocrx_word' id='word_1_45' title='bbox 472 2142 564 2206; x_wconf 86' lang='lat' dir='ltr'>nium</span> <span class='ocrx_word' id='word_1_46' title='bbox 599 2164 680 2208; x_wconf 85' lang='lat' dir='ltr'>meae</span> <span class='ocrx_word' id='word_1_47' title='bbox 712 2142 839 2208; x_wconf 69' lang='lat' dir='ltr'>ultimae</span> <span class='ocrx_word' id='word_1_48' title='bbox 861 2141 1047 2207; x_wconf 89' lang='lat' dir='ltr'>voluntatis</span> <span class='ocrx_word' id='word_1_49' title='bbox 1077 2138 1316 2227; x_wconf 89' lang='lat' dir='ltr'>complementi,</span> <span class='ocrx_word' id='word_1_50' title='bbox 1346 2140 1386 2200; x_wconf 92' lang='lat' dir='ltr'>ut</span> 
     </span>
     <span class='ocr_line' id='line_1_9' title="bbox 472 2244 1386 2332; baseline -0.007 -23"><span class='ocrx_word' id='word_1_51' title='bbox 472 2246 539 2311; x_wconf 90' lang='lat' dir='ltr'>sint</span> <span class='ocrx_word' id='word_1_52' title='bbox 577 2245 728 2311; x_wconf 86' lang='lat' dir='ltr'>advocati</span> <span class='ocrx_word' id='word_1_53' title='bbox 765 2246 802 2309; x_wconf 91' lang='lat' dir='ltr'>in</span> <span class='ocrx_word' id='word_1_54' title='bbox 840 2244 1053 2332; x_wconf 85' lang='lat' dir='ltr'>disponendis</span> <span class='ocrx_word' id='word_1_55' title='bbox 1094 2265 1154 2330; x_wconf 90' lang='lat' dir='ltr'>pro</span> <span class='ocrx_word' id='word_1_56' title='bbox 1192 2244 1386 2329; x_wconf 88' lang='lat' dir='ltr'>paupertate</span> 
     </span>
     <span class='ocr_line' id='line_1_10' title="bbox 472 2341 1386 2435; baseline -0.007 -23"><span class='ocrx_word' id='word_1_57' title='bbox 472 2348 590 2414; x_wconf 83' lang='lat' dir='ltr'>animae</span> <span class='ocrx_word' id='word_1_58' title='bbox 613 2371 703 2429; x_wconf 87' lang='lat' dir='ltr'>meae,</span> <span class='ocrx_word' id='word_1_59' title='bbox 734 2347 836 2435; x_wconf 90' lang='lat' dir='ltr'>regali</span> <span class='ocrx_word' id='word_1_60' title='bbox 869 2348 1027 2414; x_wconf 78' lang='lat' dir='ltr'>electione</span> <span class='ocrx_word' id='word_1_61' title='bbox 1057 2346 1224 2425; x_wconf 88' lang='lat' dir='ltr'>confirmo,</span> <span class='ocrx_word' id='word_1_62' title='bbox 1251 2350 1321 2407; x_wconf 90' lang='lat' dir='ltr'>tam</span> <span class='ocrx_word' id='word_1_63' title='bbox 1345 2341 1386 2406; x_wconf 86' lang='lat' dir='ltr'>de</span> 
     </span>
     <span class='ocr_line' id='line_1_11' title="bbox 471 2446 1387 2538; baseline -0.008 -22"><span class='ocrx_word' id='word_1_64' title='bbox 471 2450 670 2529; x_wconf 67' lang='lat' dir='ltr'>haereditate,</span> <span class='ocrx_word' id='word_1_65' title='bbox 695 2473 794 2536; x_wconf 86' lang='lat' dir='ltr'>quam</span> <span class='ocrx_word' id='word_1_66' title='bbox 819 2451 908 2516; x_wconf 86' lang='lat' dir='ltr'>Deus</span> <span class='ocrx_word' id='word_1_67' title='bbox 923 2474 961 2516; x_wconf 90' lang='lat' dir='ltr'>ac</span> <span class='ocrx_word' id='word_1_68' title='bbox 975 2449 1145 2538; x_wconf 88' lang='lat' dir='ltr'>principes,</span> <span class='ocrx_word' id='word_1_69' title='bbox 1162 2470 1235 2513; x_wconf 88' lang='lat' dir='ltr'>cum</span> <span class='ocrx_word' id='word_1_70' title='bbox 1251 2446 1387 2511; x_wconf 89' lang='lat' dir='ltr'>seniori·</span> 
     </span>
     <span class='ocr_line' id='line_1_12' title="bbox 471 2550 1386 2641; baseline -0.005 -24"><span class='ocrx_word' id='word_1_71' title='bbox 471 2552 532 2618; x_wconf 87' lang='lat' dir='ltr'>bus</span> <span class='ocrx_word' id='word_1_72' title='bbox 554 2554 675 2641; x_wconf 90' lang='lat' dir='ltr'>populi,</span> <span class='ocrx_word' id='word_1_73' title='bbox 710 2553 964 2619; x_wconf 84' lang='lat' dir='ltr'>misericorditer</span> <span class='ocrx_word' id='word_1_74' title='bbox 985 2557 1020 2618; x_wconf 90' lang='lat' dir='ltr'>et</span> <span class='ocrx_word' id='word_1_75' title='bbox 1042 2552 1184 2638; x_wconf 87' lang='lat' dir='ltr'>benigne</span> <span class='ocrx_word' id='word_1_76' title='bbox 1215 2550 1386 2627; x_wconf 88' lang='lat' dir='ltr'>dederunt,</span> 
     </span>
     <span class='ocr_line' id='line_1_13' title="bbox 472 2652 1386 2743; baseline -0.005 -23"><span class='ocrx_word' id='word_1_77' title='bbox 472 2655 629 2741; x_wconf 89' lang='lat' dir='ltr'>quamde</span> <span class='ocrx_word' id='word_1_78' title='bbox 651 2655 849 2721; x_wconf 88' lang='lat' dir='ltr'>haereditate</span> <span class='ocrx_word' id='word_1_79' title='bbox 863 2678 962 2742; x_wconf 89' lang='lat' dir='ltr'>quam</span> <span class='ocrx_word' id='word_1_80' title='bbox 978 2660 1072 2743; x_wconf 88' lang='lat' dir='ltr'>pater</span> <span class='ocrx_word' id='word_1_81' title='bbox 1086 2675 1179 2720; x_wconf 88' lang='lat' dir='ltr'>meus</span> <span class='ocrx_word' id='word_1_82' title='bbox 1195 2652 1386 2738; x_wconf 89' lang='lat' dir='ltr'>Athulphus</span> 
     </span>
     <span class='ocr_line' id='line_1_14' title="bbox 473 2754 1387 2844; baseline -0.003 -22"><span class='ocrx_word' id='word_1_83' title='bbox 473 2780 531 2823; x_wconf 86' lang='lat' dir='ltr'>rex</span> <span class='ocrx_word' id='word_1_84' title='bbox 565 2759 660 2824; x_wconf 87' lang='lat' dir='ltr'>nobis</span> <span class='ocrx_word' id='word_1_85' title='bbox 692 2759 799 2824; x_wconf 86' lang='lat' dir='ltr'>tribus</span> <span class='ocrx_word' id='word_1_86' title='bbox 829 2759 988 2825; x_wconf 87' lang='lat' dir='ltr'>fratribus</span> <span class='ocrx_word' id='word_1_87' title='bbox 1019 2756 1194 2844; x_wconf 77' lang='lat' dir='ltr'>delegarit,</span> <span class='ocrx_word' id='word_1_88' title='bbox 1223 2754 1387 2831; x_wconf 84' lang='lat' dir='ltr'>videlicet,</span> 
     </span>
     <span class='ocr_line' id='line_1_15' title="bbox 475 2857 1387 2943; baseline -0.004 -18"><span class='ocrx_word' id='word_1_89' title='bbox 475 2861 679 2939; x_wconf 86' lang='lat' dir='ltr'>Ethelhold0‚</span> <span class='ocrx_word' id='word_1_90' title='bbox 712 2861 886 2940; x_wconf 79' lang='lat' dir='ltr'>Etheredo,</span> <span class='ocrx_word' id='word_1_91' title='bbox 924 2867 960 2927; x_wconf 85' lang='lat' dir='ltr'>et</span> <span class='ocrx_word' id='word_1_92' title='bbox 998 2861 1088 2938; x_wconf 91' lang='lat' dir='ltr'>mihi,</span> <span class='ocrx_word' id='word_1_93' title='bbox 1126 2860 1175 2925; x_wconf 89' lang='lat' dir='ltr'>ita</span> <span class='ocrx_word' id='word_1_94' title='bbox 1211 2858 1298 2943; x_wconf 90' lang='lat' dir='ltr'>quod</span> <span class='ocrx_word' id='word_1_95' title='bbox 1331 2857 1387 2942; x_wconf 90' lang='lat' dir='ltr'>qui</span> 
     </span>
     <span class='ocr_line' id='line_1_16' title="bbox 474 2959 1388 3051; baseline -0.003 -22"><span class='ocrx_word' id='word_1_96' title='bbox 474 2971 622 3029; x_wconf 85' lang='lat' dir='ltr'>nostrum</span> <span class='ocrx_word' id='word_1_97' title='bbox 645 2963 773 3029; x_wconf 88' lang='lat' dir='ltr'>diutius</span> <span class='ocrx_word' id='word_1_98' title='bbox 796 2965 881 3031; x_wconf 90' lang='lat' dir='ltr'>foret</span> <span class='ocrx_word' id='word_1_99' title='bbox 904 2970 1076 3051; x_wconf 82' lang='lat' dir='ltr'>superstes,</span> <span class='ocrx_word' id='word_1_100' title='bbox 1099 2963 1156 3028; x_wconf 91' lang='lat' dir='ltr'>ille</span> <span class='ocrx_word' id='word_1_101' title='bbox 1176 2962 1280 3027; x_wconf 86' lang='lat' dir='ltr'>totius</span> <span class='ocrx_word' id='word_1_102' title='bbox 1294 2959 1388 3047; x_wconf 85' lang='lat' dir='ltr'>regni</span> 
     </span>
     <span class='ocr_line' id='line_1_17' title="bbox 474 3062 1390 3155; baseline -0.004 -24"><span class='ocrx_word' id='word_1_103' title='bbox 474 3066 618 3132; x_wconf 91' lang='lat' dir='ltr'>dominio</span> <span class='ocrx_word' id='word_1_104' title='bbox 656 3068 884 3155; x_wconf 83' lang='lat' dir='ltr'>congauderet.</span> <span class='ocrx_word' id='word_1_105' title='bbox 946 3068 992 3132; x_wconf 89' lang='lat' dir='ltr'>Et</span> <span class='ocrx_word' id='word_1_106' title='bbox 1026 3067 1054 3132; x_wconf 90' lang='lat' dir='ltr'>si</span> <span class='ocrx_word' id='word_1_107' title='bbox 1088 3064 1264 3152; x_wconf 86' lang='lat' dir='ltr'>contigerit</span> <span class='ocrx_word' id='word_1_108' title='bbox 1301 3062 1390 3149; x_wconf 91' lang='lat' dir='ltr'>quod</span> 
     </span>
     <span class='ocr_line' id='line_1_18' title="bbox 412 3166 1391 3263; baseline -0.005 -28"><span class='ocrx_word' id='word_1_109' title='bbox 412 3256 415 3263; x_wconf 22' lang='lat'><em>4</em></span> <span class='ocrx_word' id='word_1_110' title='bbox 475 3168 700 3251; x_wconf 87' lang='lat' dir='ltr'>Ethelboldus,</span> <span class='ocrx_word' id='word_1_111' title='bbox 731 3170 970 3259; x_wconf 91' lang='lat' dir='ltr'>primogenitus</span> <span class='ocrx_word' id='word_1_112' title='bbox 1001 3170 1104 3256; x_wconf 89' lang='lat' dir='ltr'>patris</span> <span class='ocrx_word' id='word_1_113' title='bbox 1127 3167 1242 3246; x_wconf 82' lang='lat' dir='ltr'>nostri,</span> <span class='ocrx_word' id='word_1_114' title='bbox 1266 3166 1391 3253; x_wconf 84' lang='lat' dir='ltr'>primus</span> 
     </span>
     <span class='ocr_line' id='line_1_19' title="bbox 475 3269 1391 3359; baseline -0.004 -23"><span class='ocrx_word' id='word_1_115' title='bbox 475 3273 510 3337; x_wconf 91' lang='lat' dir='ltr'>in</span> <span class='ocrx_word' id='word_1_116' title='bbox 532 3273 602 3338; x_wconf 85' lang='lat' dir='ltr'>sata</span> <span class='ocrx_word' id='word_1_117' title='bbox 631 3274 815 3351; x_wconf 86' lang='lat' dir='ltr'>decesserit,</span> <span class='ocrx_word' id='word_1_118' title='bbox 847 3281 926 3339; x_wconf 90' lang='lat' dir='ltr'>tunc</span> <span class='ocrx_word' id='word_1_119' title='bbox 957 3276 1167 3359; x_wconf 89' lang='lat' dir='ltr'>recognoscat</span> <span class='ocrx_word' id='word_1_120' title='bbox 1197 3269 1391 3346; x_wconf 88' lang='lat' dir='ltr'>Etheredus,</span> 
     </span>
     <span class='ocr_line' id='line_1_20' title="bbox 474 3371 1392 3458; baseline -0.002 -19"><span class='ocrx_word' id='word_1_121' title='bbox 474 3396 547 3441; x_wconf 89' lang='lat' dir='ltr'>cum</span> <span class='ocrx_word' id='word_1_122' title='bbox 577 3376 682 3441; x_wconf 90' lang='lat' dir='ltr'>totius</span> <span class='ocrx_word' id='word_1_123' title='bbox 705 3375 956 3458; x_wconf 67' lang='lat' dir='ltr'>westsaxoniae</span> <span class='ocrx_word' id='word_1_124' title='bbox 986 3373 1171 3452; x_wconf 88' lang='lat' dir='ltr'>nobilitate,</span> <span class='ocrx_word' id='word_1_125' title='bbox 1204 3372 1292 3458; x_wconf 91' lang='lat' dir='ltr'>quod</span> <span class='ocrx_word' id='word_1_126' title='bbox 1322 3371 1392 3437; x_wconf 86' lang='lat' dir='ltr'>sint</span> 
     </span>
     <span class='ocr_line' id='line_1_21' title="bbox 473 3475 1393 3564; baseline -0.003 -22"><span class='ocrx_word' id='word_1_127' title='bbox 473 3478 567 3543; x_wconf 88' lang='lat' dir='ltr'>nobis</span> <span class='ocrx_word' id='word_1_128' title='bbox 597 3479 633 3542; x_wconf 91' lang='lat' dir='ltr'>in</span> <span class='ocrx_word' id='word_1_129' title='bbox 667 3484 776 3557; x_wconf 89' lang='lat' dir='ltr'>testes,</span> <span class='ocrx_word' id='word_1_130' title='bbox 812 3480 852 3544; x_wconf 91' lang='lat' dir='ltr'>de</span> <span class='ocrx_word' id='word_1_131' title='bbox 883 3483 1006 3544; x_wconf 88' lang='lat' dir='ltr'>nostrae</span> <span class='ocrx_word' id='word_1_132' title='bbox 1038 3475 1200 3564; x_wconf 86' lang='lat' dir='ltr'>portionis</span> <span class='ocrx_word' id='word_1_133' title='bbox 1231 3476 1268 3539; x_wconf 91' lang='lat' dir='ltr'>in</span> <span class='ocrx_word' id='word_1_134' title='bbox 1299 3476 1393 3562; x_wconf 85' lang='lat' dir='ltr'>regni</span> 
     </span>
     <span class='ocr_line' id='line_1_22' title="bbox 473 3574 1391 3663; baseline -0.002 -22"><span class='ocrx_word' id='word_1_135' title='bbox 473 3577 732 3663; x_wconf 81' lang='lat' dir='ltr'>participatione,</span> <span class='ocrx_word' id='word_1_136' title='bbox 749 3578 785 3642; x_wconf 92' lang='lat' dir='ltr'>in</span> <span class='ocrx_word' id='word_1_137' title='bbox 808 3578 861 3643; x_wconf 88' lang='lat' dir='ltr'>die</span> <span class='ocrx_word' id='word_1_138' title='bbox 884 3577 1105 3643; x_wconf 82' lang='lat' dir='ltr'>coronationis</span> <span class='ocrx_word' id='word_1_139' title='bbox 1125 3574 1282 3640; x_wconf 88' lang='lat' dir='ltr'>Etheredi</span> <span class='ocrx_word' id='word_1_140' title='bbox 1298 3575 1391 3661; x_wconf 87' lang='lat' dir='ltr'>regis,</span> 
     </span>
     <span class='ocr_line' id='line_1_23' title="bbox 476 3674 1455 3762; baseline -0.001 -23"><span class='ocrx_word' id='word_1_141' title='bbox 476 3696 572 3760; x_wconf 90' lang='lat' dir='ltr'>quem</span> <span class='ocrx_word' id='word_1_142' title='bbox 595 3675 631 3738; x_wconf 91' lang='lat' dir='ltr'>in</span> <span class='ocrx_word' id='word_1_143' title='bbox 654 3697 764 3762; x_wconf 88' lang='lat' dir='ltr'>regem</span> <span class='ocrx_word' id='word_1_144' title='bbox 787 3697 975 3762; x_wconf 87' lang='lat' dir='ltr'>supernos,</span> <span class='ocrx_word' id='word_1_145' title='bbox 1000 3680 1075 3762; x_wconf 86' lang='lat' dir='ltr'>post</span> <span class='ocrx_word' id='word_1_146' title='bbox 1105 3679 1245 3741; x_wconf 89' lang='lat' dir='ltr'>mortem</span> <span class='ocrx_word' id='word_1_147' title='bbox 1277 3674 1391 3739; x_wconf 89' lang='lat' dir='ltr'>Ethel-</span> <span class='ocrx_word' id='word_1_148' title='bbox 1454 3719 1455 3722; x_wconf 19' lang='grc' dir='ltr'><strong>κ</strong></span> 
     </span>
     <span class='ocr_line' id='line_1_24' title="bbox 475 3776 1391 3866; baseline 0 -24"><span class='ocrx_word' id='word_1_149' title='bbox 475 3776 574 3853; x_wconf 85' lang='lat' dir='ltr'>boldi,</span> <span class='ocrx_word' id='word_1_150' title='bbox 614 3777 726 3842; x_wconf 85' lang='lat' dir='ltr'>fratris</span> <span class='ocrx_word' id='word_1_151' title='bbox 761 3780 866 3844; x_wconf 88' lang='lat' dir='ltr'>nostri</span> <span class='ocrx_word' id='word_1_152' title='bbox 904 3779 1125 3866; x_wconf 85' lang='lat' dir='ltr'>primogeniti,</span> <span class='ocrx_word' id='word_1_153' title='bbox 1158 3778 1282 3865; x_wconf 89' lang='lat' dir='ltr'>erigere</span> <span class='ocrx_word' id='word_1_154' title='bbox 1319 3781 1391 3842; x_wconf 83' lang='lat' dir='ltr'>toto</span> 
     </span>
     <span class='ocr_line' id='line_1_25' title="bbox 476 3881 1393 3958; baseline 0 -14"><span class='ocrx_word' id='word_1_155' title='bbox 476 3884 590 3946; x_wconf 89' lang='lat' dir='ltr'>nostro</span> <span class='ocrx_word' id='word_1_156' title='bbox 612 3882 785 3947; x_wconf 91' lang='lat' dir='ltr'>conamine</span> <span class='ocrx_word' id='word_1_157' title='bbox 807 3881 1007 3958; x_wconf 87' lang='lat' dir='ltr'>insistemus,</span> <span class='ocrx_word' id='word_1_158' title='bbox 1030 3881 1208 3947; x_wconf 88' lang='lat' dir='ltr'>secundum</span> <span class='ocrx_word' id='word_1_159' title='bbox 1232 3901 1393 3946; x_wconf 88' lang='lat' dir='ltr'>assecura-</span> 
     </span>
     <span class='ocr_line' id='line_1_26' title="bbox 477 3982 1392 4069; baseline 0.001 -22"><span class='ocrx_word' id='word_1_160' title='bbox 477 3982 600 4047; x_wconf 88' lang='lat' dir='ltr'>tionem</span> <span class='ocrx_word' id='word_1_161' title='bbox 623 4005 721 4069; x_wconf 92' lang='lat' dir='ltr'>quam</span> <span class='ocrx_word' id='word_1_162' title='bbox 736 3984 907 4049; x_wconf 88' lang='lat' dir='ltr'>nobiscum</span> <span class='ocrx_word' id='word_1_163' title='bbox 922 3984 1109 4063; x_wconf 88' lang='lat' dir='ltr'>fidelitavit,</span> <span class='ocrx_word' id='word_1_164' title='bbox 1125 3983 1288 4064; x_wconf 87' lang='lat' dir='ltr'>videlicet,</span> <span class='ocrx_word' id='word_1_165' title='bbox 1304 3983 1392 4069; x_wconf 87' lang='lat' dir='ltr'>quod</span> 
     </span>
     <span class='ocr_line' id='line_1_27' title="bbox 477 4083 1393 4152; baseline 0.003 -5"><span class='ocrx_word' id='word_1_166' title='bbox 477 4083 564 4148; x_wconf 90' lang='lat' dir='ltr'>idem</span> <span class='ocrx_word' id='word_1_167' title='bbox 586 4107 646 4150; x_wconf 86' lang='lat' dir='ltr'>rex</span> <span class='ocrx_word' id='word_1_168' title='bbox 669 4086 854 4151; x_wconf 83' lang='lat' dir='ltr'>Etheredus</span> <span class='ocrx_word' id='word_1_169' title='bbox 877 4092 1006 4151; x_wconf 89' lang='lat' dir='ltr'>nostras</span> <span class='ocrx_word' id='word_1_170' title='bbox 1029 4086 1278 4152; x_wconf 87' lang='lat' dir='ltr'>distributiones</span> <span class='ocrx_word' id='word_1_171' title='bbox 1297 4087 1393 4152; x_wconf 91' lang='lat' dir='ltr'>nobis</span> 
     </span>
     <span class='ocr_line' id='line_1_28' title="bbox 479 4188 1393 4275; baseline 0.003 -24"><span class='ocrx_word' id='word_1_172' title='bbox 479 4207 546 4251; x_wconf 84' lang='lat' dir='ltr'>esse</span> <span class='ocrx_word' id='word_1_173' title='bbox 569 4189 785 4274; x_wconf 88' lang='lat' dir='ltr'>permitteret,</span> <span class='ocrx_word' id='word_1_174' title='bbox 810 4190 896 4255; x_wconf 89' lang='lat' dir='ltr'>sicut</span> <span class='ocrx_word' id='word_1_175' title='bbox 918 4211 972 4254; x_wconf 84' lang='lat' dir='ltr'>eas</span> <span class='ocrx_word' id='word_1_176' title='bbox 995 4188 1181 4268; x_wconf 86' lang='lat' dir='ltr'>habuimus,</span> <span class='ocrx_word' id='word_1_177' title='bbox 1196 4197 1274 4255; x_wconf 89' lang='lat' dir='ltr'>ante</span> <span class='ocrx_word' id='word_1_178' title='bbox 1289 4189 1393 4275; x_wconf 86' lang='lat' dir='ltr'>ipsius</span> 
     </span>
     <span class='ocr_line' id='line_1_29' title="bbox 478 4289 1392 4380; baseline 0.007 -28"><span class='ocrx_word' id='word_1_179' title='bbox 478 4289 644 4368; x_wconf 88' lang='lat' dir='ltr'>Etheredi,</span> <span class='ocrx_word' id='word_1_180' title='bbox 667 4291 779 4356; x_wconf 88' lang='lat' dir='ltr'>fratris</span> <span class='ocrx_word' id='word_1_181' title='bbox 802 4293 907 4358; x_wconf 86' lang='lat' dir='ltr'>nostri</span> <span class='ocrx_word' id='word_1_182' title='bbox 935 4292 1124 4380; x_wconf 85' lang='lat' dir='ltr'>postgeniti,</span> <span class='ocrx_word' id='word_1_183' title='bbox 1140 4293 1392 4359; x_wconf 83' lang='lat' dir='ltr'>coronationem.</span> 
     </span>
     <span class='ocr_line' id='line_1_30' title="bbox 479 4391 1393 4483; baseline 0.007 -29"><span class='ocrx_word' id='word_1_184' title='bbox 479 4391 639 4458; x_wconf 83' lang='lat' dir='ltr'>Fidelitas</span> <span class='ocrx_word' id='word_1_185' title='bbox 669 4416 747 4459; x_wconf 86' lang='lat' dir='ltr'>vero</span> <span class='ocrx_word' id='word_1_186' title='bbox 777 4395 948 4462; x_wconf 90' lang='lat' dir='ltr'>nobiscum</span> <span class='ocrx_word' id='word_1_187' title='bbox 979 4395 1021 4460; x_wconf 90' lang='lat' dir='ltr'>ab</span> <span class='ocrx_word' id='word_1_188' title='bbox 1051 4396 1123 4483; x_wconf 91' lang='lat' dir='ltr'>ipso</span> <span class='ocrx_word' id='word_1_189' title='bbox 1153 4397 1320 4482; x_wconf 87' lang='lat' dir='ltr'>promissa,</span> <span class='ocrx_word' id='word_1_190' title='bbox 1352 4396 1393 4460; x_wconf 85' lang='lat' dir='ltr'>da</span> 
     </span>
     <span class='ocr_line' id='line_1_31' title="bbox 478 4494 1393 4575; baseline 0.003 -16"><span class='ocrx_word' id='word_1_191' title='bbox 478 4494 686 4561; x_wconf 72' lang='lat' dir='ltr'>haereditaria</span> <span class='ocrx_word' id='word_1_192' title='bbox 718 4497 962 4575; x_wconf 85' lang='lat' dir='ltr'>distributione,</span> <span class='ocrx_word' id='word_1_193' title='bbox 995 4504 1066 4564; x_wconf 90' lang='lat' dir='ltr'>erat</span> <span class='ocrx_word' id='word_1_194' title='bbox 1100 4499 1197 4564; x_wconf 90' lang='lat' dir='ltr'>modo</span> <span class='ocrx_word' id='word_1_195' title='bbox 1231 4499 1393 4564; x_wconf 91' lang='lat' dir='ltr'>consimili</span> 
     </span>
     <span class='ocr_line' id='line_1_32' title="bbox 477 4598 1394 4687; baseline 0.002 -24"><span class='ocrx_word' id='word_1_196' title='bbox 477 4598 630 4676; x_wconf 86' lang='lat' dir='ltr'>confecta,</span> <span class='ocrx_word' id='word_1_197' title='bbox 661 4599 825 4679; x_wconf 88' lang='lat' dir='ltr'>videlicet,</span> <span class='ocrx_word' id='word_1_198' title='bbox 855 4601 943 4687; x_wconf 93' lang='lat' dir='ltr'>quod</span> <span class='ocrx_word' id='word_1_199' title='bbox 974 4602 1014 4667; x_wconf 92' lang='lat' dir='ltr'>de</span> <span class='ocrx_word' id='word_1_200' title='bbox 1046 4604 1143 4668; x_wconf 89' lang='lat' dir='ltr'>terris</span> <span class='ocrx_word' id='word_1_201' title='bbox 1175 4606 1210 4667; x_wconf 91' lang='lat' dir='ltr'>et</span> <span class='ocrx_word' id='word_1_202' title='bbox 1240 4601 1394 4667; x_wconf 91' lang='lat' dir='ltr'>dominiis</span> 
     </span>
     <span class='ocr_line' id='line_1_33' title="bbox 480 4703 1393 4790; baseline 0.002 -25"><span class='ocrx_word' id='word_1_203' title='bbox 480 4723 552 4786; x_wconf 87' lang='lat' dir='ltr'>quae</span> <span class='ocrx_word' id='word_1_204' title='bbox 574 4723 634 4765; x_wconf 84' lang='lat' dir='ltr'>rex</span> <span class='ocrx_word' id='word_1_205' title='bbox 657 4704 725 4789; x_wconf 87' lang='lat' dir='ltr'>ipse</span> <span class='ocrx_word' id='word_1_206' title='bbox 753 4703 946 4783; x_wconf 71' lang='lat' dir='ltr'>Etheredua</span> <span class='ocrx_word' id='word_1_207' title='bbox 978 4727 1052 4769; x_wconf 89' lang='lat' dir='ltr'>cum</span> <span class='ocrx_word' id='word_1_208' title='bbox 1082 4711 1196 4771; x_wconf 91' lang='lat' dir='ltr'>nostro</span> <span class='ocrx_word' id='word_1_209' title='bbox 1223 4705 1393 4790; x_wconf 85' lang='lat' dir='ltr'>juvamine</span> 
     </span>
     <span class='ocr_line' id='line_1_34' title="bbox 479 4805 1393 4893; baseline 0.004 -25"><span class='ocrx_word' id='word_1_210' title='bbox 479 4810 513 4868; x_wconf 88' lang='lat' dir='ltr'>et</span> <span class='ocrx_word' id='word_1_211' title='bbox 550 4810 714 4891; x_wconf 88' lang='lat' dir='ltr'>potestate</span> <span class='ocrx_word' id='word_1_212' title='bbox 745 4805 980 4893; x_wconf 89' lang='lat' dir='ltr'>hominumque</span> <span class='ocrx_word' id='word_1_213' title='bbox 1010 4814 1207 4884; x_wconf 89' lang='lat' dir='ltr'>nostrorum,</span> <span class='ocrx_word' id='word_1_214' title='bbox 1242 4809 1304 4872; x_wconf 88' lang='lat' dir='ltr'>sibi</span> <span class='ocrx_word' id='word_1_215' title='bbox 1336 4807 1393 4872; x_wconf 88' lang='lat' dir='ltr'>ad·</span> 
     </span>
    </p>
   </div>
   <div class='ocr_carea' id='block_1_6' title="bbox 346 5038 1394 5188">
    <p class='ocr_par' dir='ltr' id='par_1_6' title="bbox 346 5038 1394 5188">
     <span class='ocr_line' id='line_1_35' title="bbox 381 5038 1394 5113; baseline 0.007 -22"><span class='ocrx_word' id='word_1_216' title='bbox 381 5038 389 5070; x_wconf 90' lang='lat'><strong>¹</strong></span> <span class='ocrx_word' id='word_1_217' title='bbox 403 5041 459 5091; x_wconf 89' lang='lat' dir='ltr'>The</span> <span class='ocrx_word' id='word_1_218' title='bbox 478 5057 546 5092; x_wconf 83' lang='lat' dir='ltr'>same</span> <span class='ocrx_word' id='word_1_219' title='bbox 566 5045 673 5105; x_wconf 84' lang='lat' dir='ltr'>remark,</span> <span class='ocrx_word' id='word_1_220' title='bbox 690 5060 718 5095; x_wconf 84' lang='lat' dir='ltr'>as</span> <span class='ocrx_word' id='word_1_221' title='bbox 738 5053 763 5095; x_wconf 84' lang='lat' dir='ltr'>to</span> <span class='ocrx_word' id='word_1_222' title='bbox 780 5044 929 5113; x_wconf 78' lang='lat' dir='ltr'>inaccuracy</span> <span class='ocrx_word' id='word_1_223' title='bbox 941 5048 972 5098; x_wconf 81' lang='lat' dir='ltr'>ol</span> <span class='ocrx_word' id='word_1_224' title='bbox 987 5048 1144 5108; x_wconf 78' lang='lat' dir='ltr'>translation,</span> <span class='ocrx_word' id='word_1_225' title='bbox 1162 5045 1256 5112; x_wconf 85' lang='lat' dir='ltr'>spplies</span> <span class='ocrx_word' id='word_1_226' title='bbox 1267 5054 1293 5098; x_wconf 78' lang='lat' dir='ltr'>to</span> <span class='ocrx_word' id='word_1_227' title='bbox 1305 5047 1355 5097; x_wconf 80' lang='lat' dir='ltr'>this</span> <span class='ocrx_word' id='word_1_228' title='bbox 1367 5064 1394 5098; x_wconf 81' lang='lat' dir='ltr'>aa</span> 
     </span>
     <span class='ocr_line' id='line_1_36' title="bbox 346 5120 785 5188; baseline 0.011 -16"><span class='ocrx_word' id='word_1_229' title='bbox 346 5128 374 5172; x_wconf 76' lang='lat' dir='ltr'>to</span> <span class='ocrx_word' id='word_1_230' title='bbox 386 5120 430 5172; x_wconf 84' lang='lat' dir='ltr'>the</span> <span class='ocrx_word' id='word_1_231' title='bbox 441 5121 548 5188; x_wconf 80' lang='lat' dir='ltr'>English</span> <span class='ocrx_word' id='word_1_232' title='bbox 562 5125 668 5175; x_wconf 77' lang='lat' dir='ltr'>version.</span> <span class='ocrx_word' id='word_1_233' title='bbox 779 5120 785 5132; x_wconf 81' lang='grc'><em>’</em></span> 
     </span>
    </p>
   </div>
   <div class='ocr_carea' id='block_1_7' title="bbox 0 0 1934 6450">
    <p class='ocr_par' dir='ltr' id='par_1_7' title="bbox 0 0 1934 6450">
     <span class='ocr_line' id='line_1_37' title="bbox 0 0 1934 6450; baseline 0 0"><span class='ocrx_word' id='word_1_234' title='bbox 0 0 1934 6450; x_wconf 95' lang='lat' dir='ltr'> </span> 
     </span>
    </p>
   </div>
  </div>
 </body>
</html>
