3817 6450
779 1189 962 1236 aeenxnrx
983 1256 985 1261 Ι
1330 1173 1394 1235 289

348 1378 476 1456 Getam,
500 1399 612 1464 genua,
630 1382 669 1441 ut
692 1376 796 1454 aiunt,
813 1399 854 1440 ex
878 1376 987 1441 insula
1010 1375 1043 1438 N
1046 1374 1187 1461 orwegia
1209 1375 1394 1453 dueentem,

346 1482 457 1567 plures
481 1502 523 1545 ex
547 1503 586 1544 ea
608 1478 693 1542 filios
717 1478 844 1563 genuit,
862 1479 952 1542 omni
974 1478 1128 1555 versutia,
1145 1476 1343 1555 temeritate,
1360 1482 1395 1539 et

346 1583 484 1648 audacia
507 1582 629 1646 similes
652 1582 747 1667 patri.
797 1582 897 1645 Porro
921 1604 1007 1646 uxor
1029 1580 1108 1665 ejus,
1123 1601 1252 1665 magnae
1275 1580 1396 1643 sancti·
1409 1596 1517 1673 andos·

348 1688 428 1751 tatis
451 1685 628 1770 multaeque
653 1683 820 1769 religionis
850 1685 1019 1749 tramitem
1043 1683 1204 1760 incedens,
1230 1684 1319 1747 omni
1343 1682 1396 1746 die
1409 1663 1532 1779 ffihffl

349 1788 429 1852 duas
467 1788 509 1852 ad
547 1788 657 1850 minus
695 1787 810 1850 missas
849 1786 995 1850 studiose
1034 1785 1200 1863 audiebat,
1240 1785 1396 1870 omnique

349 1891 415 1954 fere
452 1891 590 1953 sabbato
635 1912 693 1975 per
732 1888 796 1952 duo
834 1895 893 1952 aut
931 1889 1073 1974 amplius
1118 1888 1261 1952 miliaria
1298 1888 1397 1953 nudis

348 1991 486 2078 pedibus
515 1993 625 2056 vicina
655 1991 822 2056 ambiebat
845 1993 1053 2071 monasteria,
1084 1990 1185 2078 largis
1207 1990 1397 2055 muneribus

349 2094 516 2159 cumulans
554 2095 673 2159 altaria
710 2094 873 2181 largisque
911 2095 1006 2158 donis
1047 2115 1204 2180 pauperes
1241 2116 1396 2159 recreans

350 2197 541 2283 Supervixit
573 2203 683 2260 autem
717 2198 789 2260 viro
828 2197 1016 2282 cunctisque
1050 2218 1133 2283 pene
1167 2196 1251 2262 filiis.
1310 2197 1398 2261 Nam

349 2320 427 2362 mox
454 2304 492 2362 ut
509 2299 632 2384 Anglia
654 2298 857 2363 Normannis
880 2304 931 2362 est
956 2299 1043 2377 data,
1059 2305 1098 2363 ut
1125 2299 1161 2362 in
1184 2299 1398 2384 sequentibus

349 2402 500 2479 dicemus,
517 2401 628 2465 vitans
644 2422 756 2465 eorum
773 2400 984 2479 consortium,
1000 2423 1119 2465 navem
1135 2401 1283 2465 aseendit
1298 2409 1398 2486 atque

350 2504 391 2567 ad
416 2503 574 2568 Sanctum
602 2503 783 2567 Odmarum
810 2504 845 2565 in
871 2503 1029 2567 Flandria
1053 2502 1195 2579 devenit,
1222 2501 1341 2587 ibique,
1351 2493 1398 2567 'ut

350 2607 452 2684 aiunt,
469 2611 652 2670 extremum
677 2606 757 2670 vitre
781 2606 867 2669 diem
891 2605 1014 2670 clausit.
1069 2604 1252 2668 (lodwinus
1274 2609 1394 2681 autem,
1410 2609 1470 2659 Fari
1493 2675 1526 2699 .‚

349 2709 401 2770 vir
433 2708 512 2792 ejus,
535 2707 801 2771 animadvertens
836 2707 983 2771 animum
1021 2707 1107 2792 regis
1141 2706 1298 2770 Edwardi
1335 2728 1395 2792 pro
1408 2676 1539 2806 ,Gefflssl‘

350 2811 474 2895 injusta
495 2810 607 2874 fratris
630 2811 680 2873 sui
712 2809 941 2873 interfectione
972 2831 1050 2894 erga
1080 2831 1114 2872 se
1137 2830 1204 2873 non
1235 2830 1305 2873 esse
1328 2810 1394 2873 sin·
1407 2824 1550 2888 spaera·

349 2935 466 2987 cerum,
491 2912 605 2976 multis
628 2913 831 2997 argumentis
862 2911 1048 2997 temptabat
1070 2918 1185 2977 notam
1208 2912 1354 2977 criminis
1376 2876 1564 2993 simili?

351 3038 383 3080 se
407 3017 566 3101 repellere.
614 3014 765 3099 Denique
789 3014 931 3098 quodam
954 3022 1068 3079 sancto
1092 3015 1144 3079 die
1161 3015 1303 3093 Paschae,
1318 3008 1489 3124 dumgsffff
1512 3076 1526 3125 f

350 3140 421 3182 cum
445 3118 558 3182 eodem
582 3139 656 3202 rege
678 3118 714 3179 in
737 3116 904 3181 ecclesiam
933 3117 1022 3201 apud
1046 3116 1253 3182 Lundoniam
1276 3119 1399 3182 divinis
1411 3090 1511 3192 perimi

351 3222 505 3286 misteriis
529 3219 703 3284 audiendis
727 3224 860 3297 astaret,
884 3219 976 3284 nullo
999 3228 1143 3307 cogente,
1159 3221 1216 3285 sed
1231 3221 1301 3307 ipso
1323 3242 1399 3307 rege
1411 3208 1508 3260 AM·

351 3345 423 3387 cum
462 3323 665 3410 principibus
697 3322 907 3387 vehementer
945 3322 1138 3400 admirante,
1168 3323 1323 3387 audacter
1356 3324 1399 3387 ad

352 3425 453 3489 altare
477 3427 611 3490 accessit
635 3425 832 3510 calicemque
864 3424 972 3510 ipsum
1003 3424 1039 3488 in
1061 3446 1126 3510 quo
1156 3425 1302 3489 coelestia
1325 3447 1400 3490 con-

351 3533 476 3592 secrata
505 3529 638 3591 fuerant
665 3528 823 3613 mysteria
853 3526 1005 3591 nranibus
1028 3527 1176 3613 arripuit,
1210 3528 1400 3613 cunctisque

352 3630 571 3706 audientibus,
595 3631 745 3695 inaudito
770 3653 803 3694 se
822 3631 1013 3716 juramento
1038 3630 1236 3695 constrinxit
1250 3632 1339 3716 quod
1362 3631 1399 3695 in

352 3754 427 3797 nece
452 3733 590 3796 Aluredi
612 3734 759 3818 germani
790 3733 875 3820 regis
904 3733 1070 3820 particeps
1099 3732 1235 3801 minime
1258 3734 1397 3800 exstitit.

354 3833 441 3912 Quid
465 3835 583 3920 plural
617 3842 752 3899 ventum
777 3842 826 3898 est
853 3835 895 3898 ad
919 3836 1101 3921 prandium,
1126 3835 1184 3899 ubi
1200 3858 1274 3900 cum
1295 3837 1400 3921 juxta

354 3959 460 4022 regem
492 3938 650 4001 assideret
673 3938 834 4001 bucella-m
858 3960 959 4002 manu
989 3938 1135 4023 arripuit,
1160 3960 1398 4024 conversusque

353 4040 394 4102 ad
410 4062 527 4125 regem,
539 4041 606 4104 ait:
634 4041 802 4104 “Domine
818 4040 864 4103 mi
880 4062 948 4119 rex,
961 4039 1031 4104 brec
1046 4040 1190 4105 buccella
1206 4041 1302 4106 hodie
1317 4044 1399 4107 vitae

353 4149 369 4175 “
392 4143 474 4206 mihi
495 4143 556 4206 fiat
572 4143 740 4218 terminus,
758 4142 785 4204 si
801 4142 837 4205 in
853 4164 930 4206 neae
946 4141 1056 4206 fratris
1072 4142 1122 4207 tui
1142 4149 1258 4209 auctor
1273 4144 1322 4209 fui
1346 4144 1399 4210 vel

354 4252 369 4276 ‘⁶
394 4244 566 4308 conscius.''
583 4244 666 4309 Haec
678 4245 796 4323 dicens,
806 4244 983 4309 buccellam
994 4245 1042 4308 ori
1053 4244 1250 4330 impositam,
1260 4256 1400 4334 urgente
1412 4263 1496 4313 Death

353 4368 425 4410 euni
449 4347 564 4410 divino
593 4347 726 4430 judicio,
760 4368 819 4411 nec
848 4347 976 4433 glutcre
1006 4348 1116 4433 potuit
1142 4371 1201 4414 nec
1226 4357 1398 4428 revertere,
1412 4330 1530 4448 {offla

353 4448 406 4512 sed
443 4450 478 4512 in
511 4450 688 4513 amentiam
720 4471 833 4513 versus
871 4449 1065 4515 terribiliter
1094 4452 1195 4536 coepit
1225 4453 1398 4538 exspirare.
1415 4463 1497 4528 [ab.

355 4550 449 4629 Quod
473 4552 596 4628 videns,
623 4552 788 4615 Haroldus
810 4553 899 4616 filius
922 4575 1009 4629 suus,
1032 4553 1089 4638 qui
1112 4554 1282 4621 servitoris
1297 4553 1400 4619 officio
1415 4530 1502 4594 ¹⁰⁵3']

353 4655 421 4738 regi
437 4655 577 4731 astabat,
595 4655 710 4718 desub
727 4676 837 4718 mensa
852 4655 1013 4719 inclinans
1028 4678 1062 4719 se
1077 4677 1135 4741 per
1157 4678 1251 4721 crura
1273 4662 1400 4742 patrem
1498 4640 1500 4645 ,

353 4778 373 4818 a
396 4754 495 4819 latere
519 4757 603 4842 regis
627 4758 784 4832 extraxit,
801 4762 834 4820 et
852 4757 923 4841 jam
946 4765 1130 4823 extremum
1158 4759 1309 4844 spiritum
1332 4764 1399 4823 tra·

353 4856 483 4921 hentcm
506 4859 593 4922 foras
609 4861 798 4944 asportavit.
844 4859 1014 4924 Hactenus
1041 4859 1111 4925 ista.
1155 4860 1517 4946 Nuncadpro-f01.5b.

353 4961 495 5044 positum
520 4967 729 5025 revertamur.

398 5063 522 5127 Eodem
539 5065 605 5129 fere
628 5070 773 5150 tempore
790 5063 966 5141 Haroldus,
981 5065 1134 5131 Godwini
1150 5065 1289 5132 Comitis
1310 5066 1400 5132 filius

1245 5187 1266 5233 'l'
