3817 6450
732 1206 846 1254 nrnsn
869 1207 917 1254 os
937 1208 1046 1256 ›nrnn
1354 1200 1416 1262 131

595 1399 634 1476 4
657 1393 728 1479 Ego
751 1393 904 1473 AElfstnn,
921 1397 998 1472 dux,
1013 1397 1162 1461 consensi
1183 1403 1218 1463 et
1236 1396 1419 1484 subscripsi.
1440 1404 1508 1453 Μ).
1521 1410 1578 1456 9³2

594 1503 633 1579 4
656 1494 726 1581 Ego
751 1496 887 1577 Uhtreo,
906 1499 984 1575 dux,
1007 1501 1155 1564 consensi
1179 1506 1213 1564 et
1236 1499 1420 1587 subscripsi.

592 1603 630 1677 4
654 1595 725 1682 Ego
750 1597 912 1687 GuPpum,
930 1601 1008 1680 dux,
1024 1603 1172 1666 consensi
1188 1608 1222 1667 et
1236 1601 1420 1688 subscripsi.

591 1701 630 1778 4
654 1699 724 1786 Ego
748 1701 853 1778 Oddo,
892 1704 1052 1781 minister,
1087 1705 1237 1769 consensi
1274 1710 1309 1770 et
1346 1704 1421 1769 θιὼ-

694 1802 817 1888 scripsi.

590 1911 629 1987 -1-
653 1902 725 1991 Ego
750 1905 926 1990 Pulfhehn,
948 1907 1107 1985 minister,
1122 1910 1270 1975 consensi
1290 1915 1324 1975 et
1343 1910 1420 1975 sub-

693 2008 814 2094 scripsi.
958 2005 963 2013 ’

591 2115 630 2191 4
655 2108 727 2195 Ego
751 2111 853 2197 Bugo,
890 2112 1049 2192 minister,
1084 2115 1232 2179 consensi
1269 2122 1303 2179 et
1341 2115 1418 2180 sub-

698 2213 818 2299 scripsi.

593 2317 631 2393 4
657 2314 729 2400 Ego
754 2316 900 2403 Pulfger,
929 2317 1088 2395 minister,
1112 2319 1260 2384 consensi
1283 2324 1317 2384 et
1342 2321 1417 2385 sub·

694 2438 815 2502 scripsi.

590 2525 629 2602 4
655 2518 726 2605 Ego
749 2519 874 2606 Sigred,
906 2522 1067 2598 minister,
1099 2524 1247 2588 consensi
1276 2529 1311 2589 et
1342 2524 1418 2589 θιὼ-

527 2621 532 2634 ’
582 2606 585 2611 ’
693 2623 814 2708 scripsi.

593 2722 632 2799 4
656 2721 727 2808 Ego
751 2722 906 2809 Pulfsige‚
928 2725 1088 2804 minister,
1114 2728 1263 2793 consensi
1286 2734 1319 2793 et
1341 2729 1417 2794 sub·

692 2826 813 2911 scripsi.

588 2936 626 3012 -Ι-
650 2926 721 3014 ugo
745 2928 911 3006 AElfheah,
933 2931 1092 3008 minister,
1115 2934 1263 2998 consensi
1284 2938 1319 2998 et
1341 2933 1418 3000 sub-

690 3031 811 3116 scripsi.

588 3140 627 3217 -1-
650 3129 722 3218 Ego
745 3133 893 3223 Pulfnop,
925 3134 1088 3214 minister,
1115 3138 1263 3201 consensi
1287 3142 1321 3201 et
1343 3136 1421 3200 θιὼ

693 3237 813 3321 scripsi.

589 3345 628 3421 4
652 3336 723 3423 Ego
746 3338 923 3426 AEtelstan,
947 3340 1106 3418 minister,
1123 3341 1273 3406 consensi
1288 3345 1322 3405 et
1342 3341 1419 3404 sub·

694 3441 815 3525 scripsi.
1407 3501 1410 3506 .
1444 3522 1453 3540 ⁸

585 3549 624 3625 -1-
648 3542 719 3628 Ego
742 3543 876 3620 AElfret,
905 3543 1066 3624 minister,
1091 3548 1242 3612 consensi
1275 3551 1309 3611 et
1341 3547 1416 3612 θιὼ-

690 3663 752 3705 scri
776 3664 812 3706 θι.

587 3740 626 3817 4
650 3739 720 3825 Ego
745 3665 922 3830 iiupelstan,
947 3742 1109 3822 minister,
1126 3744 1275 3809 consensi
1291 3749 1325 3809 et
1339 3744 1416 3809 sub-

691 3841 814 3926 scripsi.

586 3944 625 4021 4
649 3943 720 4029 Ego
744 3944 884 4034 AElfnop,
916 3947 1076 4026 minister,
1102 3949 1251 4014 consensi
1275 3955 1309 4014 et
1337 3949 1413 4014 θιὼ-

690 4048 811 4133 scripsi.

584 4152 623 4229 4
647 4148 719 4234 Ego
741 4148 864 4225 AEliiric,
897 4149 1057 4228 minister,
1089 4155 1237 4217 consensi
1271 4159 1304 4217 et
1338 4153 1413 4218 sub-

687 4251 810 4336 scripsi.

584 4353 622 4429 4
647 4352 717 4438 Ego
742 4354 888 4440 Pihtgar,
921 4353 1081 4434 minister,
1106 4357 1255 4422 consensi
1278 4362 1312 4421 et
1338 4358 1414 4421 sub-

688 4455 809 4540 scripsi.

584 4564 623 4640 4
647 4556 719 4641 Ego
742 4557 868 4634 Eabric,
899 4559 1060 4642 minister,
1091 4561 1238 4626 consensi
1271 4564 1304 4625 et
1338 4559 1414 4624 sub-

688 4657 810 4743 scripsi.

579 4770 624 4854 ,ψ
648 4760 719 4846 Ego
743 4761 895 4847 AElfpald,
918 4765 1082 4845 minister,
1110 4765 1257 4830 consensi
1280 4767 1315 4827 et
1337 4762 1414 4826 sub-

685 4885 807 4949 scripsi.
