3817 6450
665 1162 767 1213 umas
789 1164 837 1212 un
860 1148 970 1216 urna
1279 1149 1337 1211 151

280 1348 413 1427 delevit,
429 1352 505 1413 toto
526 1347 697 1433 provincia
720 1346 807 1411 fame
822 1347 973 1431 ferroque
990 1346 1155 1412 foedata
1169 1345 1342 1434 Archiepi-
1386 1360 1475 1416 AJ).¹
1582 1356 1590 1367 “

279 1472 413 1537 scopum
436 1449 576 1515 Eboraci
592 1449 679 1515 Wlst
665 1454 791 1528 tanum,
814 1449 872 1535 qui
887 1449 1113 1535 compatriotis
1135 1448 1172 1513 in
1195 1451 1341 1515 transfu-
1354 1431 1418 1480 ⁹⁴⁷·
1420 1435 1479 1485 ⁹⁵⁵⁴

279 1553 332 1639 gio
355 1553 528 1618 convivere
551 1552 721 1629 diceretur,
746 1551 865 1616 diuin
888 1551 1030 1616 vinculis
1053 1552 1172 1617 tenuit.
1218 1552 1340 1617 Postea

279 1654 434 1721 clericalis
463 1655 658 1721 reverentiae
688 1660 837 1740 respectu
867 1655 965 1719 venia
995 1655 1157 1719 donatum
1187 1654 1336 1719 laxavit:

280 1761 320 1821 ut
356 1757 470 1822 scribit
507 1757 693 1822 Willelmus
732 1755 1053 1842 Malmesburyensis,
1091 1755 1142 1821 De
1179 1754 1337 1842 Regibus,

281 1859 364 1924 libro
396 1859 545 1924 secundo.

325 1962 370 2025 Et
392 1967 434 2026 ut
456 1961 630 2027 habetur'
620 1983 656 2025 ιιι
685 1960 766 2027 Vita
787 1960 908 2028 doadi
933 1961 965 2026 A
970 1959 1150 2041 ttclrooldt‘,
1167 1968 1197 2027 et
1211 1960 1337 2028 Mona·
1348 1968 1485 2034 Ruteno-
1524 2001 1527 2006 -

281 2062 419 2129 eborum
440 2062 609 2128 Proesult's
632 2084 672 2129 oo
685 2062 788 2128 Pol
742 2070 814 2141 tras,
838 2063 983 2150 capitulo
1006 2064 1142 2143 decimo,
1174 2062 1324 2130 Edredus
1324 2036 1493 2156 ,fffoffim

282 2165 551 2231 elementissimus
573 2187 641 2243 rex,
673 2172 745 2230 erat
774 2167 896 2231 veteris
926 2166 1101 2232 coenobii
1090 2188 1128 2231 ιιι
1151 2165 1334 2251 Wyntonia
1345 2169 1408 2221 Mon
1391 2181 1493 2251 nanery

282 2268 428 2353 specialis
451 2290 525 2333 ama
527 2271 579 2332 tor
602 2273 702 2353 atque
726 2266 884 2344 defensor,
908 2273 948 2333 ιιι
979 2272 1148 2333 testantur
1180 2289 1219 2332 ea
1249 2290 1332 2354 quae,
1345 2236 1462 2365 gigss‘.

281 2369 381 2455 ipso]
374 2370 516 2447 ubente,
538 2368 701 2435 fabricata
723 2375 802 2435 sunt
828 2374 1032 2447 ornamenta,
1058 2391 1180 2455 magua
1209 2369 1335 2435 scilicet

282 2493 380 2537 aurea
402 2492 493 2553 crure,
517 2472 621 2537 altare
644 2494 791 2552 aureum,
821 2472 911 2558 quod
932 2472 1144 2558 postmodum
1169 2471 1347 2537 Henricus·
1473 2465 1476 2467 ’

283 2572 450 2651 Bleseusis,
467 2574 572 2639 frater
593 2575 679 2661 regis
696 2573 857 2660 Stephani
879 2596 917 2638 ac
939 2573 1191 2659 Wyntoniensis
1213 2574 1335 2660 episco-

282 2696 349 2761 pus,
384 2676 614 2741 decentissime
647 2677 833 2742 renovavit.
880 2676 1032 2741 Edredus
1065 2676 1169 2741 etiam
1207 2675 1237 2740 si
1263 2675 1336 2741 vita

282 2798 385 2843 comes
405 2779 491 2843 foret
509 2779 711 2844 Orientalem
734 2767 897 2865 porticdm
920 2778 1067 2863 ejusdem
1083 2777 1335 2864 Wyntoniensis

282 2880 421 2946 ecclesiae
437 2882 604 2946 deauratis
618 2881 812 2946 imbricibus
834 2880 995 2955 adornare
1011 2881 1184 2967 disposuit.
1232 2879 1335 2946 Educ·

280 2981 341 3047 dus
369 3005 429 3048 rex
459 3005 556 3070 super
597 2983 708 3049 omnia
738 2984 953 3049 monasticam
983 2984 1118 3070 cupiens
1156 2982 1333 3049 nobilitare

281 3085 480 3172 religionem,
504 3086 602 3151 beato
623 3086 834 3151 Athelvoldo
856 3086 965 3152 locum
987 3086 1151 3172 quendam
1174 3085 1334 3151 vocabulo

283 3188 500 3255 Abbandonie
548 3189 705 3276 [deute]
744 3189 781 3253 in
824 3209 889 3275 quo
934 3188 1099 3254 modicum
1145 3187 1334 3273 antiquitus

281 3289 455 3356 haberetur
485 3292 765 3369 monasteriolum,
795 3291 853 3357 sed
875 3297 946 3356 erat
967 3294 1050 3356 tune
1080 3291 1267 3377 neglectum
1295 3303 1446 3356 acerete·

281 3391 488 3470 destitutum,
510 3394 634 3458 vilibus
655 3393 804 3459 aedificiis
827 3394 1016 3472 consistens,
1049 3399 1083 3458 et
1113 3371 1467 3487 quadragintaffim

281 3501 413 3561 tantum
445 3518 576 3561 mansas
607 3496 785 3582 possidens,
813 3496 976 3581 reliquam
1004 3517 1082 3561 vero
1113 3495 1244 3581 praefsti
1270 3496 1332 3560 loci
1345 3504 1455 3569 dccsyed
1518 3545 1520 3549 -

280 3600 466 3682 terramque
482 3603 614 3663 centum
636 3603 838 3663 cassatorum
853 3599 967 3663 lustris
990 3599 1067 3663 hinc
1089 3596 1167 3663 inde
1189 3599 1331 3685 giratam
1343 3578 1488 3704 ,fflffi

281 3700 381 3786 regali
405 3700 551 3765 dominio
582 3701 773 3786 subjectam,
801 3702 918 3766 Rex
909 3723 979 3787 1pse
1009 3701 1205 3788 possidebat.
1250 3700 1401 3765 Fac-don·

281 3806 416 3886 tumque
446 3808 506 3882 est,
536 3804 760 3868 consentiente
791 3803 968 3868 Dunstsno
998 3804 1128 3881 abbate,
1152 3804 1332 3870 seeundum

282 3903 379 3990 Regis
412 3904 630 3983 voluntatem,
652 3911 693 3969 ut
715 3905 768 3968 vir
799 3905 861 3969 Dei
890 3906 1121 3971 Athelwoldus
1151 3906 1331 3992 praenotati

280 4003 342 4068 loci
357 4007 535 4091 susciperet
550 4028 672 4082 curam,
687 4012 850 4091 quatenus
865 4007 900 4070 in
916 4028 954 4077 eo
970 4007 1146 4072 monachos
1161 4009 1331 4073 ordinaret
1357 4094 1359 4097 ι
1417 4073 1426 4093 ‚

281 4108 474 4193 regulariter
496 4108 566 4172 Deo
590 4111 779 4172 servientes.
827 4107 934 4187 Quem
957 4121 1108 4175 sanctum
1130 4109 1241 4174 virum
1256 4130 1330 4196 pro·

280 4213 377 4273 tenus
399 4211 503 4274 secuti
527 4215 606 4275 sunt
629 4209 764 4294 quidam
788 4209 905 4286 clerici,
928 4210 969 4275 de
993 4210 1173 4288 Glsstonia,
1197 4210 1328 4289 scilicet,

281 4309 433 4397 Osgarus,
460 4312 691 4391 Foldbirthus,
724 4310 960 4403 Frithegarus3
992 4319 1027 4378 et
1058 4313 1259 4378 Ordbirthus
1289 4314 1330 4378 de

279 4411 470 4498 Wyntonia‚
500 4419 535 4478 et
567 4415 706 4479 Edrieus
736 4415 777 4486 de
805 4414 986 4493 londonia,
1016 4416 1086 4501 ejus
1118 4414 1330 4502 discipulatui

278 4536 312 4580 se
349 4516 535 4581 subdentes.
587 4517 874 4603 Congregavitque
912 4518 976 4582 sibi
1014 4518 1049 4581 in
1088 4517 1183 4584 brevi
1221 4518 1330 4603 spatio

184 4658 188 4666 -
277 4638 409 4704 gregem
432 4617 674 4697 monachorum,
695 4617 816 4703 quibus
845 4617 915 4703 ipse
938 4617 1048 4700 abbas,
1067 4618 1207 4704 jubente
1230 4618 1327 4704 Rege,

278 4719 451 4784 ordinatus
475 4726 534 4785 est.

321 4820 424 4885 Dedit
448 4823 549 4886 etiam
574 4823 647 4887 Rex
669 4821 886 4909 possessiones
901 4823 1026 4909 regales
1042 4844 1124 4908 quas
1138 4821 1175 4884 in
1189 4818 1328 4886 Abbou-

275 4922 376 4987 donia
398 4925 595 5009 possederat,
619 4925 679 4990 hoo
701 4931 753 4990 est
774 4931 907 4991 centum
930 4930 1080 5001 cassatos,
1104 4945 1178 4988 oum
1194 4922 1328 5007 optimis

274 5025 432 5104 aedificiis,
455 5028 571 5092 abbati
594 5033 629 5093 et
651 5028 810 5094 fratribus
833 5029 875 5093 sd
899 5033 1115 5113 augmentum
1139 5023 1326 5109 quotidiani
