3817 6450
632 1178 639 1193 ’
734 1195 836 1244 nmen
857 1196 903 1245 nu
925 1196 1031 1245 uros.

596 1535 731 1601 lucum
755 1536 961 1602 Ourrruuuu
985 1536 1151 1601 Trarion.

648 1710 698 1776 De
720 1732 822 1795 reque
844 1710 1089 1777 Sullasooouioe.

396 1891 580 1958 Secundum
602 1915 740 1979 regnum
758 1894 824 1959 suit
844 1916 981 1981 regnum
997 1894 1255 1969 Sutbsaxonum,
1273 1892 1398 1958 habens
1421 1907 1557 1975 chapuss.

351 1995 394 2061 ab
428 1997 551 2062 oriente
585 1996 748 2077 (lantiam,
771 1997 814 2061 ab
845 2003 958 2063 austro
992 1997 1083 2061 Mare
1112 2001 1147 2061 et
1174 1996 1312 2060 Vectem
1339 1995 1396 2059 In·
1409 1988 1538 2055 Kingeom

352 2098 465 2178 sulem,
510 2099 552 2164 ab
598 2100 764 2165 occidente
811 2099 1119 2185 Hamptschireiam,
1156 2098 1199 2163 ab
1243 2097 1396 2183 aquilone
1409 2057 1490 2174 giiii
1526 2137 1539 2181 3

351 2206 547 2284 Suthreism,
570 2207 606 2270 in
629 2229 693 2292 quo
715 2206 840 2290 primus
863 2206 966 2285 Ealle,
989 2228 1064 2272 cum
1088 2206 1196 2270 tribus
1219 2204 1297 2269 filiis
1318 2204 1393 2281 suis,
1408 2191 1541 2310 Sfflffm

352 2309 515 2375 tricesimo
537 2332 624 2374 anno
647 2308 689 2373 ab
721 2309 867 2374 adventu
898 2308 1084 2395 Anglorum
1117 2308 1217 2394 coepit
1248 2329 1393 2393 regnare.
1478 2298 1483 2311 '
1547 2299 1552 2311 ’

352 2411 414 2476 (lui
447 2412 601 2478 suecessit
636 2409 736 2489 Cissa,
759 2411 848 2475 tilius
882 2411 985 2488 Ealle,
1009 2416 1043 2476 et
1079 2432 1192 2475 eorum
1224 2409 1395 2496 progenies

351 2515 511 2601 usquead
525 2514 782 2601 Athelwoldum,
794 2515 851 2601 qui
866 2514 992 2601 primus
1007 2535 1120 2600 regum
1137 2512 1393 2589 Sutbsaxonum,

351 2640 408 2705 per
430 2619 564 2684 beatum
587 2618 747 2697 Birinum,
764 2616 998 2702 Gewyseorum
1020 2616 1206 2703 apostolum
1228 2620 1263 2681 et
1283 2637 1395 2681 mona-

351 2719 458 2801 chum,
496 2727 535 2787 ut
568 2720 682 2786 scribit
719 2719 932 2806 vigilantius,
964 2721 1000 2784 in
1037 2720 1123 2784 libro
1160 2719 1209 2784 De
1238 2717 1394 2783 Basilice

351 2822 456 2904 Petri,
479 2823 623 2910 capitulo
646 2827 770 2901 octavo,
794 2821 837 2886 ad
863 2822 963 2887 fidem
998 2820 1123 2888 Christi
1156 2842 1328 2886 conversus
1358 2827 1394 2887 et
1407 2827 1562 2882 Convenion

351 2924 539 3013 baptizatus
561 2932 621 3006 est,
644 2926 680 2990 in
711 2924 879 3013 provincio
905 2924 1108 3002 Muciorum,
1136 2930 1296 3010 praesente
1319 2896 1561 3027 rege‘ssfoffiss's,

352 3027 547 3094 Merciorum
566 3028 688 3094 Wlfere
712 3050 749 3093 ac
771 3033 974 3115 suggerente,
996 3051 1017 3092 a
1038 3049 1103 3114 quo
1126 3027 1226 3092 etism
1248 3048 1395 3113 egressus
1407 3029 1517 3081 Birinus.

350 3130 391 3196 de
421 3133 513 3198 fonte
545 3132 615 3198 loco
648 3131 710 3196 filii
743 3136 911 3217 susceptus
944 3135 1004 3196 est.
1063 3131 1106 3194 In
1137 3130 1229 3213 cujus
1263 3130 1395 3215 signum

350 3235 537 3323 adoptionis
560 3235 693 3316 Wlfere
716 3257 777 3300 rex
800 3234 1005 3313 Merciorum,
1030 3232 1112 3298 duas
1138 3232 1189 3297 illi
1212 3233 1395 3318 provincius

351 3338 499 3419 donavit,
527 3338 663 3404 Vectem
694 3337 849 3403 videlieet
881 3337 1038 3415 Insulam,
1073 3345 1108 3401 et
1143 3336 1394 3402 Meannarorum

350 3442 561 3528 provinciam,
585 3443 622 3506 in
643 3445 742 3530 gente
766 3440 1026 3507 Occidentalium
1049 3440 1227 3506 Saxonum.

395 3544 518 3610 Beatus
540 3545 653 3630 itaque
677 3543 820 3624 Birinus‚
844 3543 1013 3630 episcopus
1045 3547 1079 3629 et
1108 3542 1294 3622 monachus,
1317 3563 1394 3607 con·
1407 3556 1470 3607 Sue

350 3647 486 3714 cedente
508 3670 593 3735 rege,
615 3647 738 3734 primos
760 3647 937 3733 provineiae
961 3647 1058 3712 duces
1089 3668 1127 3711 oo
1158 3646 1281 3711 milites
1304 3668 1394 3711 sacro
1407 3631 1512 3741 {ffl‘

350 3752 441 3816 fonte
463 3750 625 3817 abluebat.
673 3750 788 3838 (lappa
810 3757 947 3830 verost
972 3750 1089 3829 Foeda,
1108 3755 1142 3816 et
1167 3749 1344 3838 Burgelyn,
1361 3755 1484 3816 etsions.

351 3854 460 3933 Ciddi,
474 3853 659 3941 presbyteri
682 3859 716 3917 et
737 3852 897 3930 monachi,
921 3858 1073 3928 oaeteram
1096 3852 1225 3938 plebem
1248 3859 1394 3940 tempore
1586 3847 1588 3853 ’

350 3957 500 4041 sequenti
523 3955 747 4042 baptizabant,
761 3955 915 4020 videlicet
930 3961 1076 4043 tempore
1097 3977 1162 4041 quo
1182 3957 1297 4021 beatus
1313 3956 1394 4021 Wil-

350 4058 463 4137 fridus,
478 4058 690 4124 Eborecensis
706 4057 966 4145 archiepiscopus
981 4063 1015 4123 et
1029 4058 1215 4138 monachus,
1232 4058 1394 4123 residuam

351 4160 599 4226 Suthsnxonum
622 4161 751 4247 plebem
774 4161 817 4226 ad
841 4161 939 4226 fidem
964 4159 1090 4226 Christi
1114 4160 1287 4227 convertit.
1333 4162 1395 4226 Re-
1445 4195 1449 4201 ·

348 4264 428 4350 gina
448 4285 536 4343 vero,
566 4264 698 4331 nomine
729 4262 831 4342 Ebbe,
855 4263 891 4327 in
922 4285 990 4342 sue,
1012 4263 1048 4328 id
1079 4268 1138 4345 ost,
1170 4263 1394 4329 Huncciorum

349 4366 525 4452 provincia,
549 4366 718 4453 baptizata
739 4372 797 4432 est.
844 4366 1008 4434 Caeterum
1031 4369 1105 4431 tota
1125 4365 1294 4452 provincis
1308 4365 1393 4431 Aus-

349 4469 483 4534 tralium
506 4469 674 4534 Saxonum
698 4468 805 4534 divini
828 4468 972 4533 nominis
1004 4477 1038 4536 et
1063 4466 1142 4533 fidei
1172 4474 1244 4535 erat
1270 4469 1394 4556 ignara,

350 4593 452 4659 usque
475 4570 518 4636 sd
541 4570 721 4637 adventum
751 4570 840 4636 beati
865 4570 1021 4648 Wilfridi,
1049 4571 1107 4657 qui
1138 4571 1228 4659 apud
1261 4571 1394 4657 Selescy

348 4674 496 4754 divertit,
522 4673 610 4761 quod
642 4673 881 4761 interpretatur
905 4671 1020 4738 Insula
1042 4671 1150 4739 Vituli
1175 4672 1305 4751 Marini,
1330 4673 1393 4738 ibi·

349 4799 412 4863 que
435 4777 667 4842 monasterium
691 4776 884 4852 construxit,
908 4777 1139 4863 episcopusque
1161 4777 1209 4840 ibi
1232 4780 1266 4842 et
1290 4776 1393 4839 obbas

349 4879 580 4944 monachorum
595 4878 681 4942 sedit
696 4901 754 4965 per
768 4879 913 4964 quinque
936 4901 1050 4959 annos,
1065 4901 1167 4965 usque
1188 4879 1231 4942 ad
1253 4883 1391 4941 mortem

349 4981 486 5068 llgsridi,
503 4981 589 5068 regis
610 4980 1001 5067 Nortbamhymbrorum,
1017 4979 1217 5068 predicavit,
1234 4975 1391 5065 populum

348 5084 519 5149 convertit.
