3817 6450
352 1343 420 1395 AD.
432 1344 498 1396 886?

351 1432 456 1484 Fnlke's

352 1499 438 1550 latter
448 1515 507 1552 eon·

351 1565 445 1617 tinued.

347 3041 404 3091 The
414 3041 475 3090 min·

346 3109 401 3158 sion
413 3110 463 3158 und

346 3175 504 3225 administru-

346 3243 399 3292 tion
411 3244 443 3293 oi
449 3245 485 3292 St.

347 3309 501 3373 Augustino.

345 3442 388 3491 sol.
402 3447 416 3491 5
428 3458 451 3491 c.

521 1154 565 1218 :32
894 1167 995 1219 nrum
1018 1169 1065 1219 us
1083 1151 1194 1221 'urus

520 1353 739 1408 sublimitatem.
777 1353 862 1409 Unde
881 1370 1038 1426 supernum
1056 1353 1241 1410 cismontism
1260 1353 1415 1411 indefessis
1433 1353 1572 1428 preeibns

520 1454 682 1500 exoramus,
697 1447 731 1491 ut
747 1436 809 1507 ipso
827 1437 877 1507 qni
890 1438 1033 1508 proerenit
1049 1446 1079 1493 et
1096 1437 1229 1494 accendit
1240 1438 1278 1493 sd
1295 1439 1349 1495 lroo
1365 1457 1415 1494 eor
1427 1447 1571 1504 vestrum.

520 1520 625 1576 ellieint
645 1537 697 1575 vos
718 1527 882 1591 compotem
901 1521 973 1585 voti,
994 1520 1134 1593 replendo
1151 1521 1182 1576 in
1201 1520 1285 1576 bonis
1306 1521 1487 1577 desiderium
1507 1539 1573 1578 ves·

519 1613 597 1659 trum
610 1626 617 1670 ;
643 1612 787 1675 quotenus
805 1604 837 1658 in
855 1604 959 1659 diebus
978 1605 1097 1672 uostris,
1110 1611 1141 1660 et
1152 1622 1207 1675 pox
1219 1622 1311 1675 regno
1323 1623 1357 1660 so
1369 1606 1451 1676 genti
1464 1613 1573 1680 nestro

518 1687 740 1759 multiplicetur,
760 1694 791 1742 et
808 1688 1025 1743 ecclesiasticus
1049 1687 1130 1752 ordo,
1152 1688 1203 1760 qui
1224 1688 1254 1743 iu
1276 1688 1387 1753 multis.
1408 1697 1442 1745 ut
1459 1687 1571 1750 dicitis.

519 1772 581 1825 sivo
605 1771 750 1844 frequenti
777 1772 940 1842 irruptione
964 1771 1011 1826 vel
1042 1772 1262 1844 impugnstiono
1293 1771 1492 1844 Psgsnornm‚
1518 1789 1572 1828 sen

518 1862 664 1911 vetustnto
685 1862 860 1927 temporum,
886 1855 933 1910 vel
959 1855 1072 1911 ineurin
1099 1855 1296 1927 proelntorum
1325 1855 1372 1911 vel
1404 1856 1574 1928 ignoruntin

518 1938 711 2002 strbditorum,
738 1940 885 2011 oollnpsus
916 1946 971 2004 est,
1004 1957 1056 2011 per
1086 1946 1214 1995 restrum
1241 1939 1428 2012 diligentium
1459 1948 1491 1996 et
1528 1940 1571 1996 in·

516 2021 659 2078 dustrinm
691 2024 855 2094 quantoties
886 2029 1048 2095 reperetur,
1074 2022 1254 2088 nobilitetur,
1280 2041 1314 2079 so
1338 2022 1491 2080 dilstotur.
1532 2021 1571 2080 El

512 2124 608 2186 'quum
626 2123 679 2177 per
696 2115 828 2162 nostrum
847 2105 1036 2177 nqjutorium,
1051 2105 1082 2161 id
1100 2106 1285 2178 potissimum
1298 2106 1362 2162 lieri
1380 2106 1569 2168 desidentis.

517 2197 547 2245 et
570 2209 589 2245 n
612 2199 711 2246 nostru
734 2190 813 2254 sedo.
844 2191 891 2246 oui
923 2190 1026 2246 iustus
1057 2190 1223 2262 Remigius,
1255 2190 1434 2246 hunnorum
1466 2190 1571 2262 utique

516 2275 675 2346 Apostolus
700 2274 846 2346 prmsidet,
873 2274 941 2330 hino
965 2274 1120 2330 consilium
1144 2292 1178 2329 so
1202 2274 1397 2346 putrooinium
1421 2275 1568 2347 queritis.

516 2377 573 2414 nou
594 2359 657 2414 sins
678 2359 777 2415 divino
798 2359 938 2414 instinctu
960 2358 1014 2414 hoo
1035 2357 1183 2414 credimus
1205 2365 1321 2425 netum3
1347 2366 1381 2416 nt
1400 2359 1481 2415 sicut
1498 2359 1569 2414 olim

515 2461 588 2510 gens
619 2442 807 2507 Punicorum,
839 2460 892 2515 per
917 2441 1042 2497 eundem
1066 2441 1184 2497 bustum
1210 2441 1381 2512 Remigium
1405 2441 1527 2498 libornri
1551 2459 1569 2498 ι

515 2525 688 2582 multimodo
700 2543 809 2591 erroro,
824 2525 953 2581 etunius
967 2525 1030 2580 veri
1046 2524 1102 2580 Dei
1121 2525 1234 2581 cultum
1251 2525 1362 2580 meruit
1378 2541 1568 2596 cognoscere.

515 2610 558 2663 sic
576 2627 648 2679 geris
667 2609 841 2678 Anglorum,
864 2626 900 2664 ex
919 2608 990 2664 sedo
1011 2607 1092 2663 illius
1114 2617 1145 2664 et
1163 2606 1305 2672 doctrino,
1328 2607 1418 2663 tnlem
1429 2607 1569 2680 deponent

515 2694 673 2764 suscipere,
699 2710 753 2763 per
778 2710 865 2764 quem
896 2692 1104 2764 superstitioso
1120 2709 1235 2756 enuere,
1255 2691 1404 2762 superflue
1422 2709 1567 2756 reseeme.

515 2795 548 2831 ne
561 2777 646 2831 noxin
657 2794 781 2847 quinque
794 2776 913 2831 violntn¹
934 2775 1143 2831 consuetudine
1155 2793 1188 2830 ne
1207 2792 1287 2829 moro
1306 2775 1459 2831 barberino
1472 2775 1569 2848 pulin-

515 2859 606 2914 luntin
623 2860 738 2914 tinuerit
756 2861 912 2931 extirpnro‚
931 2869 962 2915 et
977 2877 1030 2931 per
1048 2876 1153 2928 ugrum
1173 2858 1359 2914 Dominieum
1372 2858 1567 2922 smbnlnntes.

515 2944 630 2997 diseunt
647 2943 733 2998 flores
751 2943 851 3014 logsro
870 2950 900 2998 et
917 2961 1044 3013 unguem
1063 2960 1176 2998 enuere.

550 3027 735 3096 Augustinus
757 3027 865 3082 etenim
884 3035 1011 3090 sanetus,
1031 3035 1137 3082 vestm
1154 3027 1252 3098 gentis
1269 3027 1380 3098 primus
1399 3026 1566 3100 episeopus.

517 3111 637 3166 ubento
655 3110 809 3180 GregoriO,
835 3111 966 3183 apostolo
990 3119 1099 3174 vestro,
1125 3111 1208 3166 vobis
1233 3110 1373 3176 directus,
1396 3128 1450 3166 neo
1468 3112 1567 3168 omnin

516 3195 633 3251 decretu
651 3195 877 3268 nposwlionmm
895 3196 1076 3252 sunetiuuum
1097 3196 1192 3268 putuit
1208 3196 1238 3251 in
1256 3195 1337 3251 breui
1354 3195 1566 3259 demonstrent.

516 3298 568 3335 neo
593 3280 695 3335 rudem
721 3298 754 3334 uo
780 3279 931 3335 borbonum
957 3289 1074 3351 gentem
1099 3279 1194 3336 uoluit
1223 3280 1330 3343 subito,
1363 3280 1447 3336 novis
1471 3290 1503 3336 et
1526 3280 1568 3337 in·

514 3365 640 3431 cognitis
665 3363 782 3433 legibus
813 3382 942 3419 onerare.
981 3364 1113 3419 Noverat
1142 3364 1220 3418 enim
1251 3363 1414 3419 infirmitati
1448 3363 1567 3419 illorum

514 3449 675 3509 cumulem.
701 3460 789 3518 utque
808 3466 875 3502 eum
894 3447 1025 3519 ulmetolo
1042 3446 1150 3511 dicere,
1172 3451 1191 3474 “
1207 3447 1354 3518 Tanquam
1372 3447 1510 3520 pmruniis
1536 3447 1566 3501 iu

515 3535 534 3557 ‘⁴
555 3531 675 3594 l'lurislu,
691 3531 735 3585 ino
750 3530 824 3583 nnn
834 3536 930 3602 ptum
945 3531 1020 3595 «inii,
1035 3550 1088 3585 snm
1102 3530 1240 3585 euonm.''¹
1270 3530 1308 3585 Et
1321 3530 1567 3601 quemadmodum

513 3616 621 3671 Petrus
639 3624 669 3670 et
687 3614 825 3677 Jmnnun,
848 3621 866 3641 ¹·
877 3616 927 3685 qni
945 3614 1259 3669 1··‘‹t·.·t›antnrcolnmm
1277 3614 1388 3678 euse,’'¹
1406 3632 1474 3669 eum
1495 3614 1567 3669 Bur·

513 3700 588 3754 inuno
614 3696 774 3768 [Bsmnbu]
800 3705 831 3753 et
854 3698 956 3762 l'nulu‚
983 3698 1156 3769 caterisque
1181 3697 1345 3753 senioribus
1367 3698 1566 3769 congregetis.

513 3783 667 3837 eeclesiam
681 3781 860 3853 primitivum
874 3781 910 3835 de
923 3781 1071 3851 gentibus,
1085 3781 1122 3837 nd
1135 3781 1221 3836 iidem
1234 3781 1347 3838 Christi
1360 3782 1566 3847 confluentem,

513 3867 669 3921 noluerunt
687 3865 816 3935 graviori
830 3864 905 3936 jugo
923 3882 1053 3930 onerum,
1071 3864 1128 3920 nini
1151 3876 1184 3920 nt
1205 3864 1398 3937 principer-ent
1416 3882 1466 3919 eos
1487 3872 1506 3893 ‘⁸
1520 3864 1568 3919 uls-

515 3955 534 3976 “
555 3952 656 4004 :ttinere
677 3948 712 4003 ub
739 3949 900 4013 insnnduliu,
928 3948 979 4017 [ri]
995 3949 1195 4020 seminatione,
1216 3946 1267 4019 [el]
1283 3948 1425 4019 suffocato,
1451 3954 1477 4003 et
1500 3967 1567 4005 unu·

514 4040 533 4061 ‘¹
553 4033 702 4104 picium-'⁸⁴
721 4033 762 4088 itu
780 4040 809 4087 et
827 4032 965 4105 primitus
985 4034 1013 4087 in
1033 4032 1115 4087 vobis
1135 4040 1252 4103 gestum
1271 4050 1336 4087 esso
1348 4033 1565 4105 cognoscimus.

512 4116 674 4186 Quoniam·
692 4123 723 4172 et
740 4116 907 4172 rudimento
924 4116 1085 4171 barbariem
1108 4115 1233 4171 ieritntis
1255 4115 1291 4171 ud
1313 4115 1442 4171 divinum
1465 4116 1566 4187 cogni·

513 4203 620 4256 tionem
633 4199 845 4262 enutriendum,
860 4200 913 4254 hoc
930 4200 992 4254 solo
1013 4199 1200 4268 indigebunt3
1223 4210 1253 4254 et
1266 4199 1343 4254 servi
1363 4197 1464 4255 lidoies
1477 4210 1567 4273 utque

512 4284 679 4357 prudentes,
699 4302 788 4355 nuper
805 4282 945 4338 lumilism
964 4283 1081 4338 Domini
1104 4282 1266 4347 constituti,
1285 4284 1435 4339 conservis
1453 4283 1516 4339 suis
1536 4284 1566 4339 in

512 4380 652 4438 tempore,
670 4368 724 4423 hoo
742 4375 797 4431 est.
811 4386 864 4438 pro
882 4375 969 4438 onptu
988 4366 1179 4431 audientium.
1194 4384 1362 4422 mensurum
1379 4366 1472 4423 tritici
1491 4366 1566 4423 bene

511 4470 633 4521 erognro
655 4460 804 4506 noverunt.
843 4451 899 4506 At‘
920 4468 1059 4506 succussu
1082 4449 1231 4522 temporis,
1250 4460 1400 4506 crescente
1419 4448 1566 4523 religione

510 4536 686 4599 Christiunu‚
713 4546 812 4590 sntictu
836 4534 961 4589 ecelesiin
985 4534 1031 4589 his
1055 4542 1191 4589 contentu
1214 4550 1279 4589 esse
1302 4552 1354 4589 nee
1375 4534 1479 4595 uoluit,
1511 4550 1566 4591 nee

509 4619 629 4684 ‹iobuit;
662 4618 714 4674 sed
740 4631 857 4690 sumptu
882 4622 975 4673 lurmn
999 4619 1035 4673 nb
1060 4618 1133 4688 ipsiu
1161 4618 1310 4689 nposwlis.
1343 4618 1505 4687 mugistris.
1532 4628 1564 4675 el

511 4703 712 4759 surulnwribus
742 4704 814 4767 suis,
847 4703 897 4773 qui
929 4712 995 4773 post
1025 4700 1224 4771 euangelicum
1250 4700 1412 4756 doctrinam
1437 4700 1476 4756 sb
1501 4702 1566 4775 ipso

543 4880 668 4947 'ridetuJ
697 4879 766 4930 noro
794 4878 862 4939 MS„
892 4886 920 4929 ut
945 4893 1008 4942 sup.
1094 4878 1286 4928 ‘Aetuutu

510 4957 601 5009 inolito.
1093 4957 1250 5023 'tl-onina]
1267 4956 1332 5007 Porci
1350 4955 1415 5011 MS..
1428 4964 1455 5007 nt
1472 4970 1558 5023 ιιιμι,

543 5042 553 5070 ²
567 5045 576 5088 l
592 5038 649 5089 Cor.
662 5038 699 5089 lii.
714 5042 735 5098 1,
747 5042 770 5087 2.
1063 5024 1139 5097 Quin.

543 5117 696 5168 'Gutta
1087 5118 1096 5144 ⁸
