3817 6450
779 1187 965 1236 neronom.
1328 1167 1394 1238 317

346 1378 364 1407 “
387 1372 506 1459 mus].''
554 1373 651 1453 Quod
666 1373 838 1437 audientes
860 1372 1111 1437 circumstantes
1126 1371 1290 1456 principes
1305 1392 1397 1435 vere·

346 1475 468 1538 cundia
499 1474 599 1540 simul
631 1480 665 1539 et
695 1476 814 1539 timore
853 1465 964 1553 escili,
987 1473 1102 1538 eadem
1124 1472 1248 1559 singuli
1282 1472 1398 1536 offerre

347 1582 526 1662 coeperant.
572 1576 665 1640 Tunc
680 1597 739 1640 rex
754 1576 918 1640 Henricus
941 1575 1031 1640 ultra
1053 1598 1153 1661 quam
1175 1576 1267 1640 credi
1289 1580 1399 1661 potest

347 1678 445 1742 laetns
468 1679 614 1757 effectus,
630 1700 668 1743 eo
684 1680 772 1764 quod
786 1684 916 1743 tantam
932 1679 968 1742 in
983 1678 1187 1765 principibus
1202 1678 1270 1741 suis
1285 1681 1401 1741 contra

348 1802 439 1866 spem
466 1780 639 1867 reperisset
661 1781 771 1861 fidem,
793 1782 878 1846 acies
901 1781 1002 1867 dirigi
1032 1780 1135 1865 jussit
1165 1780 1333 1865 oculisque
1356 1778 1399 1843 ad

350 1883 467 1946 coelum
490 1884 609 1948 levatis
640 1883 782 1948 lacrimis
812 1883 964 1970 profusus
995 1884 1111 1948 oravit.
1158 1882 1401 1947 “Sanctissima

350 1994 369 2018 “
392 1985 494 2071 Virgo
508 1986 643 2064 Maria,''
658 1986 776 2050 coelum
792 1986 911 2050 levatis
928 1986 1066 2071 [oculis]
1083 1985 1226 2050 lacrimis
1241 1984 1400 2071 profusus,
1413 1994 1457 2044 fol.
1472 1996 1533 2044 rab.

351 2088 409 2166 ait,
424 2095 495 2152 “ne
518 2110 570 2151 me
594 2089 732 2173 patiaris
754 2089 850 2153 hodie
865 2089 1040 2174 indignum
1061 2109 1192 2153 servum
1207 2092 1305 2152 tuum
1327 2087 1401 2151 hos·

353 2190 481 2254 “tibus
503 2192 584 2254 meis
614 2190 687 2254 dari
717 2191 753 2254 in
782 2189 1021 2276 opprobrium.’'
1053 2191 1108 2255 Sic
1130 2189 1218 2255 fatus
1240 2190 1299 2255 iiii
1316 2189 1401 2254 acies
1414 2199 1542 2281 Bapleof

351 2291 492 2376 sapienti
509 2313 586 2355 usus
603 2292 737 2355 consilio
760 2292 920 2378 disposuit
935 2317 943 2372 ;
966 2293 1106 2379 primam
1121 2293 1224 2357 aciem
1238 2290 1401 2356 instruxit
1413 2266 1541 2382 ἔξω

353 2393 537 2457 Willelmus
567 2415 673 2458 comes
695 2394 736 2458 de
758 2394 944 2470 Warennia,
968 2394 1136 2459 associatis
1167 2394 1231 2458 sibi
1253 2393 1401 2458 Waltero
1414 2400 1514 2465 Noren-

353 2495 479 2559 Giffard
505 2500 540 2560 et
567 2496 694 2581 Rogero
721 2496 791 2560 filio
818 2496 952 2560 Ricardi
980 2497 1173 2581 caeterisque
1207 2495 1401 2582 parentibus

352 2597 441 2675 suis3
471 2597 646 2662 secundam
670 2619 800 2682 quoque
822 2598 1054 2663 instruxerunt
1077 2599 1188 2663 caeteri
1211 2598 1347 2662 comites
1368 2601 1404 2662 ct

354 2700 515 2786 principes
530 2700 614 2785 regis
632 2700 777 2765 Henrici.
824 2699 970 2764 Tertiam
985 2721 1063 2764 vero
1086 2700 1189 2764 aciem
1204 2721 1264 2765 rex
1282 2699 1403 2764 chri·

353 2824 418 2882 cua,
434 2802 590 2888 prudenti
605 2801 709 2866 fretus
732 2801 907 2879 industria,
922 2823 965 2865 ex
979 2801 1148 2888 peditibus
1164 2824 1265 2886 quam
1280 2801 1405 2867 densis·

354 2907 472 2968 simum
494 2927 632 2969 cuneum
656 2905 825 2981 instruxit,
840 2904 876 2969 in
900 2926 965 2989 qua
987 2910 1021 2969 et
1036 2904 1122 2968 filios
1144 2926 1221 2969 suos
1244 2910 1278 2969 et
1300 2904 1403 2968 fiden-

354 3008 454 3072 tiores
479 3007 602 3071 milites
624 3008 782 3073 viscrunt.
840 3008 1004 3088 Quartam
1034 3012 1147 3072 autem
1178 3007 1282 3072 aciem
1313 3007 1402 3071 idem

355 3133 421 3188 rex,
445 3110 586 3196 seipsum
609 3110 824 3196 interponens
847 3117 880 3175 et
903 3110 1063 3196 quosdam
1085 3109 1281 3175 fortissimos
1306 3110 1397 3195 prin·

355 3214 450 3300 cipes,
481 3213 709 3299 multipliciter
739 3213 914 3278 roboravit
971 3211 1082 3298 Igitur
1110 3235 1171 3278 rex
1201 3211 1402 3278 Francorum

356 3316 621 3380 animadvertens
643 3338 753 3402 regem
769 3316 950 3382 Henricum
973 3315 1076 3380 aciem
1092 3315 1262 3400 disponere
1277 3320 1312 3380 et
1334 3314 1405 3379 bel·

356 3419 425 3481 lum
440 3419 510 3483 sine
526 3419 626 3482 dubio
642 3419 726 3483 velle
750 3419 843 3497 inire,
864 3418 1095 3504 indignatione
1110 3422 1145 3482 et
1160 3417 1210 3482 ira
1224 3423 1404 3504 permotus,

358 3520 588 3586 ··-aestimabat
626 3521 712 3586 enim
743 3521 895 3607 superbia
932 3520 1039 3585 elatus
1068 3520 1161 3584 nullo
1192 3521 1289 3585 modo
1331 3542 1405 3585 eum

358 3624 478 3687 audere
519 3623 600 3686 talia
639 3644 966 3708 praesumere—suos
1000 3623 1135 3702 excitat,
1152 3628 1187 3688 et
1216 3644 1316 3689 morae
1346 3623 1407 3687 im·

357 3727 487 3812 patiens
518 3748 591 3789 cum
622 3728 712 3789 omni
744 3727 872 3812 impetu
901 3731 937 3791 et
966 3726 1036 3792 sine
1060 3725 1174 3791 ordine
1197 3729 1232 3791 et
1254 3746 1408 3790 mensura

359 3828 497 3892 festinus
528 3827 558 3891 ei
589 3830 750 3909 occurrit;
773 3829 880 3894 fertur
911 3829 1055 3915 denique
1074 3829 1171 3913 -quod
1209 3850 1283 3894 cum
1320 3828 1408 3892 Nor·

359 3929 471 3993 manni
496 3929 651 4015 disposite
679 3934 712 3994 et
738 3932 904 4016 sapienter
930 3932 1130 4009 incederent,
1146 3930 1265 3996 Franci
1289 3931 1408 3996 timore

360 4032 468 4095 inflati
485 4033 668 4117 praccipites
696 4040 730 4097 et
756 4033 882 4098 confusi
898 4033 1061 4098 cadebant
1086 4033 1197 4119 potius
1224 4057 1325 4119 quam
1339 4056 1408 4099 am·

360 4133 532 4209 bulabant,
547 4134 726 4199 secundnm
750 4134 787 4198 id
810 4133 979 4221 sapientis,
997 4143 1014 4169 “
1028 4134 1098 4216 Qui
1115 4157 1265 4223 proecepe
1288 4134 1408 4222 prodi-

361 4243 378 4270 “
403 4243 460 4299 tur
482 4258 566 4321 acopo
587 4234 711 4301 cadit.”
756 4235 875 4321 Itaque
898 4237 1061 4322 impetum
1084 4236 1239 4304 facientes
1267 4238 1407 4326 primam

363 4338 465 4401 aciem
497 4344 727 4403 convertentes
757 4339 1032 4425 pertransierunt,
1062 4341 1241 4406 secundam
1278 4360 1408 4425 quoque

361 4441 475 4504 eodem
498 4441 625 4527 impetn
640 4440 875 4506 contriverunt.
922 4441 978 4506 Ad
993 4442 1129 4507 tertiam
1150 4465 1228 4508 vero
1251 4451 1290 4507 ut
1310 4462 1409 4506 vene-

362 4549 450 4619 runt,
483 4565 556 4628 quae
588 4565 630 4607 ex
654 4544 821 4629 peditibus
846 4544 1038 4609 densissime
1062 4549 1135 4610 erat
1158 4549 1318 4624 conserta,
1333 4564 1408 4609 cum

362 4645 462 4708 nullis
495 4644 627 4729 juribus
657 4667 730 4710 eam
761 4644 948 4731 dirumpere
978 4651 1113 4733 possent
1143 4670 1202 4714 nec
1230 4652 1409 4713 retrorsum

362 4749 491 4823 reverti,
533 4749 652 4833 quippe
695 4770 776 4833 quos
818 4748 933 4833 primae
974 4750 1048 4815 duae
1090 4751 1174 4816 acies
1215 4771 1296 4836 quas
1339 4771 1409 4836 per·

364 4851 564 4913 transierant
596 4852 653 4914 ira
684 4855 854 4914 commotae
884 4873 905 4914 a
934 4855 1028 4938 tergo
1058 4853 1213 4918 acerrime
1242 4873 1410 4937 perseque-

363 4953 494 5028 bantur,
526 4953 722 5017 necessitatc
764 4958 901 5038 cogente
945 4953 981 5016 in
1021 4954 1103 5019 duas
1153 4976 1187 5018 ae
1226 4953 1411 5018 diviserunt

363 5060 482 5139 partes,
513 5060 547 5119 ct
578 5055 712 5119 densam
744 5054 833 5119 illam
865 5056 1016 5141 peditum
1047 5056 1150 5122 aciem
1180 5055 1411 5123 circumeundo
