3817 6450
788 1156 971 1205 arrarum.
1336 1143 1402 1215 287

353 1343 486 1420 ibidem,
511 1344 613 1429 Angli
636 1366 711 1430 rege
735 1344 898 1421 destituti,
923 1352 957 1409 et
985 1346 1145 1426 nolentes,
1161 1346 1226 1410 nisi
1249 1369 1291 1410 ex
1313 1345 1402 1431 regio
1416 1356 1558 1416 euirati

350 1445 483 1520 semine,
499 1467 610 1530 regern
634 1446 699 1509 sibi
722 1446 880 1530 praeferri,
905 1447 1032 1532 legatos
1049 1447 1173 1513 Comiti
1190 1448 1222 1512 N
1225 1449 1404 1515 ormauniae
1415 1424 1554 1549 {ffffi‘eld'

355 1546 520 1610 Willelmo
565 1548 810 1627 transmittunt,
856 1554 987 1616 orantes
1024 1556 1063 1615 ut
1108 1572 1211 1615 unum
1249 1573 1290 1616 ex
1328 1548 1571 1621 filiissonofKing

355 1648 479 1713 domini
518 1651 578 1728 sui,
620 1650 677 1735 qui
715 1650 804 1735 apud
843 1673 918 1715 eum
957 1652 1150 1729 exulabant,
1188 1652 1405 1727 transmittat,
1418 1623 1572 1739 ffiflffi'oe

355 1759 535 1816 asserentes
565 1775 639 1818 eum
669 1753 759 1837 regio
786 1753 1029 1818 sublimandum
1052 1755 1182 1819 honore.
1230 1754 1297 1834 Qui
1322 1753 1405 1839 peti·
1418 1756 1483 1805 from
1494 1756 1559 1806 Nor-

355 1854 439 1918 tioni
464 1877 576 1919 eorum
602 1856 816 1939 acquiescens
838 1855 1021 1921 Aluredum
1046 1862 1131 1921 natu
1152 1858 1309 1942 majorem
1332 1878 1405 1920 curn
1418 1824 1519 1887 mandy.

355 1956 460 2020 multo
487 1958 646 2022 comitatu
662 1958 819 2043 Angliam
846 1959 1056 2023 transmittit.
1104 1960 1177 2039 Quo
1204 1959 1407 2046 perveniens,

354 2058 439 2121 nihil
477 2060 557 2123 mali
588 2060 782 2145 suspicatur,
814 2062 961 2127 securius
998 2066 1098 2147 atque
1136 2060 1303 2126 incautius
1333 2082 1406 2146 quae

356 2160 482 2225 deceret
505 2184 539 2226 se
562 2184 657 2247 agere
681 2162 789 2247 coepit.
836 2162 1007 2248 Siquidem
1038 2164 1200 2250 principes
1221 2163 1405 2249 Anglorum

355 2265 479 2348 pariter
516 2265 700 2351 glomerati,
732 2265 914 2351 instigante
948 2266 1110 2331 Godwino
1148 2266 1277 2346 comite,
1311 2272 1405 2352 patre

353 2367 437 2450 regis
454 2366 605 2443 Haraldi,
628 2368 776 2432 omnium
806 2368 970 2433 malorum
1001 2369 1178 2445 intentore,
1200 2390 1275 2433 cum
1297 2367 1405 2432 multa

355 2489 455 2532 manu
478 2491 552 2532 eum
567 2470 737 2535 advenisse
761 2476 936 2548 cernentes,
961 2476 995 2536 et
1012 2471 1279 2536 Normannorum
1301 2470 1559 2543 ᾔτηη-ΜΝ]

355 2571 464 2635 uidem
488 2577 647 2652 verentes,
671 2573 778 2637 fallaci
802 2595 876 2638 eum
908 2573 1032 2638 honore
1062 2573 1253 2659 suscipiunt,
1285 2577 1319 2636 et
1349 2573 1403 2637 de
1415 2538 1535 2667 {roffi

353 2674 495 2757 oeptorio
541 2675 703 2740 famulatu
741 2676 886 2761 hospitio
925 2675 1090 2740 inducunt
1128 2682 1162 2740 et
1207 2674 1519 2752 demandauer-

355 2776 502 2860 nequitia
545 2779 696 2843 omnibus
736 2801 827 2843 arma
869 2777 1065 2842 subducunt
1126 2777 1254 2843 Deinde
1297 2740 1574 2863 primoqpmffiqqonof

354 2898 449 2941 mane
473 2902 584 2945 omnes
607 2881 727 2945 armati
744 2881 838 2965 quasi
855 2881 926 2966 lupi
949 2880 1035 2945 fame
1058 2880 1251 2945 stimulante
1274 2880 1402 2965 agitati,
1415 2873 1511 2988 illm

354 2979 501 3044 incautos
532 2982 802 3060 circumveniunt,
831 2983 927 3048 domo
964 2983 1156 3049 innocentes
1189 2983 1342 3059 educunt,
1368 2989 1403 3048 et
1415 2954 1567 3060 iddiorii,

355 3081 478 3147 decimo
502 3088 635 3148 tantum
658 3086 700 3150 ad
728 3086 954 3150 testimonium
977 3091 1082 3151 tantae
1105 3085 1309 3150 crudelitatis
1339 3085 1402 3151 rite

353 3192 526 3264 reservato,
544 3194 676 3254 caeteros
699 3210 810 3253 omnes
832 3189 914 3254 sicut
939 3211 1007 3254 sors
1030 3188 1186 3255 efferebat
1206 3188 1402 3255 numerandi

352 3289 545 3355 miserandae
561 3292 700 3355 tradunt
723 3293 839 3377 capitis
862 3292 1061 3356 absoissioni
1109 3292 1151 3355 In
1174 3313 1239 3377 qua
1262 3291 1401 3355 decima»

353 3392 443 3457 tione
468 3394 624 3477 quiddam
654 3393 804 3458 mirabile
827 3394 1028 3480 dignumque
1058 3394 1185 3459 ultione
1214 3393 1320 3457 fertur
1349 3415 1400 3458 ac-

353 3496 488 3559 cessisse.
536 3495 705 3580 Siquidem
737 3520 811 3561 oum
842 3496 976 3581 quidam
1007 3496 1100 3560 miles
1132 3518 1206 3562 cum
1239 3496 1400 3580 armigero

353 3598 567 3683 subsequente
590 3600 625 3663 in
648 3621 734 3664 novo
758 3599 871 3663 ordine
895 3599 1137 3663 detruncandus
1159 3597 1398 3684 produceretur,

353 3700 585 3785 dominumque
609 3725 704 3766 suum
727 3702 979 3788 decapitendum
1012 3702 1153 3788 armiger
1179 3706 1213 3766 et
1242 3722 1276 3765 se
1299 3722 1400 3765 reser-

352 3804 499 3868 vandum
537 3805 728 3880 intueretur,
759 3811 899 3889 utraque
940 3826 1041 3869 manu
1080 3804 1250 3869 dominum
1287 3802 1399 3889 gladio

352 3904 551 3990 dependenti
585 3907 761 3984 subtraxit,
792 3908 903 3991 sicque
938 3908 974 3970 in
1008 3907 1078 3991 ejus
1110 3907 1181 3971 loco
1215 3904 1398 3970 feriendum

353 4010 530 4093 supposuit.
578 4009 655 4072 Hiis
685 4010 800 4093 itaque
823 4010 925 4094 gestis
954 4030 1013 4094 per
1043 4008 1201 4084 ordinem,
1224 4008 1399 4093 parvipen-

352 4108 465 4174 dentes
510 4111 670 4197 principes
715 4111 899 4196 Anglorum
945 4115 1074 4174 tantam
1120 4111 1398 4196 interrogatorum

353 4213 608 4293 multitudinem,
633 4221 668 4278 et
698 4214 846 4278 dolentes
877 4213 1113 4277 decimatorum
1144 4213 1321 4299 plurimam
1343 4234 1397 4276 su·

352 4337 477 4400 peresse
500 4324 627 4402 partem
650 4318 738 4381 inter
760 4339 821 4394 eos,
838 4318 938 4402 priori
960 4318 1032 4381 neci
1048 4317 1160 4382 eodem
1176 4317 1289 4381 ordine
1313 4316 1398 4380 deci-
1410 4318 1453 4370 fol
1464 4323 1480 4366 ⁴
1492 4319 1515 4368 b·

351 4421 468 4483 mando
491 4422 701 4485 submittunt.
757 4420 885 4500 Quibus
909 4420 1140 4485 nefandissime
1163 4420 1273 4506 gestis,
1289 4420 1397 4505 ipsum

351 4521 518 4586 dominum
550 4546 654 4599 suum,
685 4523 865 4610 postposito
896 4524 1010 4588 divino
1040 4524 1247 4608 humanoque
1271 4522 1396 4598 timore,

348 4626 488 4689 terribili
511 4648 577 4689 non
601 4627 756 4690 dubitant
780 4632 886 4691 morte
912 4625 1080 4703 mulctare,
1128 4626 1247 4691 Oculos
1274 4624 1396 4690 etenim

349 4728 461 4791 ambos
476 4730 504 4791 ei
529 4729 698 4806 effodiunt,
714 4734 748 4793 et
771 4729 811 4793 de
834 4729 894 4794 sub
917 4734 1028 4793 mento
1044 4728 1190 4815 linguam
1214 4732 1395 4793 extractam

348 4831 563 4896 absciderunt.

393 4932 508 4998 Comes
539 4935 640 5018 igitur
663 4934 885 5012 Normanniae‚
910 4934 982 4998 haec
1013 4935 1062 4998 ita
1092 4938 1185 5020 gesta
1214 4931 1249 4993 in
1272 4929 1397 5016 Anglia

346 5037 444 5102 certis
467 5038 593 5102 nuntiis
622 5037 768 5112 audiens,
798 5037 901 5100 nimio
916 5057 1055 5101 moerore
1084 5034 1234 5112 afficitur,
1257 5031 1396 5117 quodsi
