3817 6450
150 4223 196 4272 rol

614 1170 716 1219 aranu
738 1172 784 1219 ns
808 1171 913 1220 urna
1224 1157 1286 1222 261

240 1386 300 1422 sum
333 1367 436 1423 ditioni
462 1370 588 1440 subegit.
640 1371 752 1439 Quibus
781 1370 889 1424 auditis
920 1382 1041 1446 magna
1071 1381 1146 1447 pars
1175 1358 1289 1446 populi
1300 1358 1460 1446 A·D·¹}l¹⁶·

239 1456 343 1519 totius
372 1459 466 1542 regni
490 1457 537 1520 illi
561 1480 594 1521 se
617 1457 803 1522 voluntarie
826 1457 1064 1524 subdiderunt¹
1337 1432 1409 1479 ¹⁰¹¹⁸

283 1557 636 1636 Cnutointe1·im,eum
652 1566 725 1625 tota
740 1560 839 1625 classe
856 1582 922 1635 sua,
941 1560 1129 1626 Londonias
1145 1559 1288 1637 veniens,
1302 1572 1400 1652 cenare

240 1660 325 1726 cirea
337 1661 545 1748 Rogationes
570 1662 606 1725 in
630 1663 726 1749 plaga
749 1663 887 1727 australi
913 1664 1107 1728 Themensis
1131 1662 1290 1739 fluminis,
1302 1639 1455 1759 sslffigm

239 1763 383 1826 scrobem
399 1763 594 1848 profundam
611 1764 703 1840 fodit,
720 1770 754 1828 et
770 1787 872 1830 naves
894 1788 970 1830 suas
985 1766 1020 1829 in
1037 1770 1163 1850 partem
1179 1766 1290 1849 pontis

239 1865 472 1931 occidentalem
495 1866 531 1930 in
554 1866 659 1930 altum
683 1867 798 1931 traxit.
861 1867 991 1932 Deinde
1018 1868 1133 1932 urbem
1157 1867 1226 1931 alto
1256 1873 1290 1931 et

239 1967 306 2030 lato
330 1969 463 2053 cingens
486 1969 607 2033 fossato
631 1968 835 2033 obsidionem
862 1970 1001 2054 paravit.
1048 1969 1290 2055 Egressumque

239 2075 272 2134 et
295 2070 477 2155 ingressum
501 2071 629 2134 civibus
653 2070 828 2155 denegans,
844 2070 1009 2156 frequenti
1024 2070 1139 2135 urbem
1163 2069 1290 2134 insultu

237 2172 369 2251 invasit,
393 2178 427 2236 et
450 2194 641 2258 expugnare
663 2172 835 2237 laboravit.
883 2172 946 2237 Sed
971 2198 991 2236 a
1014 2173 1142 2237 civibus
1165 2173 1290 2237 moenia

238 2273 366 2339 sortiter·
403 2275 658 2340 defendentibus
696 2276 861 2361 expulsus,
897 2275 1101 2340 obsidionem
1136 2273 1289 2340 confusus

239 2375 373 2440 dimisit.

284 2477 348 2557 Qui
372 2478 514 2543 indeed
538 2478 704 2543 desertum
732 2478 914 2542 exereitum
948 2477 1101 2565 dirigens
1125 2499 1197 2542 eam
1221 2478 1427 2562 [ur-Batueof

239 2578 327 2665 bem]
350 2580 525 2666 subjugare
548 2581 688 2644 vaeavit.
749 2579 944 2644 Edmundus
976 2602 1064 2657 vero,
1088 2603 1162 2644 cum
1196 2602 1289 2645 exer·
1302 2560 1382 2609 Penn.

240 2683 308 2746 citu
339 2706 436 2767 quem
459 2682 580 2746 babere
604 2686 744 2767 poterat,
782 2681 928 2747 Ouutoni
959 2703 1138 2757 occurrens,
1161 2684 1195 2746 in
1218 2683 1289 2748 loco

238 2784 294 2867 qui
325 2784 474 2847 Pennum
498 2785 627 2862 dieitur,
647 2784 748 2868 juxta
772 2784 1026 2871 Gyllyngebam,
1058 2786 1176 2870 quinto
1207 2784 1289 2850 Idus

237 2885 340 2964 Junii,
369 2908 443 2950 eum
476 2908 513 2950 eo
549 2886 770 2973 congrediens,
800 2886 908 2972 ipsum
933 2909 1004 2951 cum
1038 2887 1105 2951 suis
1136 2888 1289 2952 omnibus

237 2989 272 3051 in
294 2988 405 3074 fugam
437 2989 609 3064 convertit,
640 2994 679 3052 ut
702 2988 818 3052 scribit
842 2988 1013 3053 Mattheus
1051 2990 1287 3055 Parisiaeensis.

238 3089 316 3153 Post
331 3090 391 3154 hoe
407 3092 514 3155 media
530 3096 647 3155 aestate
663 3097 836 3167 transacta,
853 3090 1058 3166 Edmundus‚
1074 3114 1146 3156 eum
1172 3091 1289 3176 majori

237 3192 443 3270 exercituin
466 3193 636 3278 provincia
659 3192 865 3278 Wyoeiorum
889 3199 1004 3258 eontra
1027 3193 1193 3258 Canutum
1218 3198 1288 3258 tam

238 3297 355 3359 aeriter·
389 3296 560 3380 pugnavit,
585 3303 623 3359 ut
646 3317 713 3380 pree
736 3294 931 3360 lassitudine
954 3301 1093 3380 uterque
1125 3297 1288 3362 exereitus

239 3397 281 3460 ab
305 3399 445 3461 invicem
470 3397 657 3461 diseederet.
703 3397 922 3463 Commissum
958 3404 1008 3462 est
1042 3399 1131 3462 istud
1166 3400 1287 3464 bellurn
1302 3415 1427 3466 Battleof

239 3501 272 3563 in
307 3500 376 3564 loeo
411 3500 468 3585 qui
503 3500 679 3564 Seerustan
719 3500 848 3576 dieitur,
888 3500 1066 3564 secuudum
1105 3501 1287 3581 Alfredum,
1303 3483 1444 3534 &mmm

243 3604 423 3666 Marianum
449 3602 594 3680 Scotum,
618 3607 653 3666 et
680 3602 868 3666 Mattheum
901 3602 1167 3668 Parisiaeensem.
1214 3603 1288 3681 Sed,

238 3710 367 3790 postera
390 3705 451 3779 die,
469 3704 664 3768 Edmundus
688 3705 800 3768 Dauos
823 3705 1039 3790 protrivisset,
1055 3706 1119 3769 nisi
1144 3707 1288 3792 perfidus
1301 3722 1429 3774 Renewed

238 3807 307 3871 dux
341 3808 479 3871 Edrieus
514 3813 612 3892 eaput
644 3807 814 3891 eujusdam
838 3808 962 3887 militia,
988 3808 1163 3873 Edmundo
1186 3791 1434 3907 simil-Jffll'

238 3908 316 3987 limi,
352 3909 512 3973 exercitui
551 3909 755 3985 ostendisset,
789 3910 919 3974 diceus:
967 3917 985 3944 “
1001 3910 1131 3996 Fugite,
1175 3913 1286 3998 Angli,

238 4019 255 4046 “
279 4033 349 4076 ecoe
372 4019 472 4097 ealiut
489 4012 614 4075 domini
630 4013 733 4075 vestri
758 4012 952 4076 Edmundi.’'
998 4013 1063 4078 Sed
1080 4014 1286 4093 Edmundus‚

238 4114 296 4179 hoe
319 4116 460 4201 cognito,
484 4114 590 4178 aerius
614 4115 718 4178 instat
741 4136 844 4198 usque
867 4115 910 4178 ad
933 4125 1062 4180 noctem
1086 4116 1253 4181 dimicans.

271 4217 358 4270 blane
389 4224 487 4271 autem
515 4217 600 4280 facto,
633 4235 700 4271 cum
731 4234 782 4269 rex
813 4216 987 4271 Edmundus
1017 4217 1115 4272 Danos
1145 4217 1289 4290 comperit
1301 4233 1398 4282 fourth

150 4293 221 4343 Μ·
237 4301 387 4370 aufugisse
419 4301 447 4353 in
478 4299 721 4363 Westsaxoniam,
756 4301 916 4354 revertitur
950 4301 1092 4371 majorem
1127 4303 1288 4356 exereitum
1301 4300 1380 4350 battle
1392 4299 1455 4350 with

237 4384 430 4448 collecturus;
460 4383 545 4452 eujus
567 4384 771 4438 strenuitatem
796 4385 915 4455 iniquus
939 4384 998 4439 dux
1024 4385 1149 4439 Edrieus
1174 4365 1377 4455 compe-0⁰⁰²·

237 4467 325 4530 riens,
346 4468 426 4520 venit
445 4467 481 4520 ad
501 4486 567 4520 eum
589 4467 790 4521 fraudulenter
814 4475 847 4522 ut
869 4473 953 4521 eum²
973 4468 1119 4539 proderet,
1137 4466 1289 4522 'instinctu
1301 4467 1343 4518 fol.
1355 4469 1387 4518 ³7
1399 4483 1423 4521 a.

237 4553 388 4613 Unutouis,
410 4560 439 4604 et
463 4569 534 4621 paee
560 4552 636 4605 inter
660 4569 709 4605 eos
735 4553 914 4615 confirmata,
939 4554 1003 4622 regi
1030 4552 1199 4606 fidelitatem
1223 4569 1289 4623 pro-

237 4637 326 4689 misit.
366 4636 469 4705 ltaque
488 4653 539 4687 rex
553 4634 735 4697 Edmundus‚
750 4636 814 4688 rice
832 4637 937 4689 tertia*
954 4637 1083 4689 exercitu
1099 4640 1287 4704 congregato,

237 4720 315 4774 ciues
335 4718 550 4773 Londoniensos
570 4719 704 4772 obsessos
724 4718 871 4783 liberarit,
886 4718 985 4773 Dauos
1004 4719 1042 4774 ad
1059 4736 1148 4774 naves
1161 4717 1286 4787 fugavit,

244 4887 501 4895 ——..-————
511 4886 698 4893 -—--.—-.-.
719 4886 917 4893 -—.--——--
931 4885 1011 4892 .-
1026 4881 1285 4892 ..-...-——---.—·-

271 4995 276 5022 ¹
291 4994 321 5042 R.
337 4994 384 5050 W,
401 4995 504 5040 murima
520 5010 583 5058 pars
603 4993 670 5057 rryni
688 5009 739 5041 sese
818 4992 870 5040 ²1³.
884 4992 935 5050 W„
948 4989 1020 5039 illuni.

237 5072 383 5121 Eudmuadr
393 5072 500 5137 subjecit
817 5073 826 5099 ³
839 5071 870 5120 R.
883 5070 932 5128 W,
944 5078 1041 5133 quarta.
