3817 6450
721 1187 823 1237 mss
844 1187 891 1235 DE
914 1185 1021 1236 HYDA.
1352 1173 1399 1236 31¹.

348 1380 524 1444 creverunt
546 1379 586 1441 ut
608 1377 742 1440 sanctus
765 1373 987 1454 Grimbaldus,
1011 1372 1165 1460 operibus
1187 1372 1309 1459 quibus
1324 1377 1395 1439 erat
1410 1388 1479 1442 Ab.
1492 1372 1557 1441 sss?

348 1482 494 1556 idoneus,
525 1477 687 1544 medelam
719 1477 843 1555 salutis,
877 1476 905 1541 si
943 1498 1011 1541 non
1048 1475 1223 1540 obsisteret
1255 1476 1396 1540 tarditas

348 1577 425 1649 fidei
456 1581 549 1670 genti
579 1580 743 1668 praeberet
772 1578 966 1666 Anglorum.
1013 1578 1165 1665 Denique
1196 1578 1285 1644 ultra
1307 1600 1397 1642 mare

349 1686 530 1752 mittrmtur
552 1683 666 1770 legati,
697 1681 896 1748 serenissimi
918 1685 1019 1767 atque
1042 1680 1213 1747 clarissimi
1236 1677 1276 1748 de
1298 1685 1397 1767 gente

351 1787 532 1874 Anglorum
562 1785 640 1864 viri,
667 1785 711 1850 ad
740 1784 978 1851 monasterium
1008 1785 1114 1850 sancti
1144 1784 1281 1864 Bertini,
1314 1805 1426 1865 nun„

348 1891 473 1956 tiantes
493 1888 611 1954 abbati
633 1886 783 1975 praedicti
807 1887 959 1966 coenobii,
975 1888 1064 1973 quod
1085 1887 1326 1953 illustrissimus
1340 1908 1399 1951 rex

349 1991 513 2074 Alfredus,
547 1995 582 2057 st
622 1990 846 2056 sanctissimus
876 1989 1028 2078 pontifex
1059 1990 1253 2069 Etheredus,
1285 1989 1399 2056 multis

349 2093 628 2183 postulationibus
659 2095 693 2159 et
724 2092 997 2179 frequentissimis
1029 2092 1180 2180 precibus
1210 2083 1397 2179 postulave-

349 2201 436 2275 rant,
466 2202 506 2263 ut
535 2194 814 2284 perfectissimum
838 2196 997 2283 dirigeret
1018 2196 1065 2276 eis
1088 2194 1325 2276 Grimbaldum,
1348 2201 1407 2275 ut,

350 2300 529 2367 secundum
552 2300 687 2365 modum
711 2297 951 2364 observationis
975 2298 1209 2377 ecclesiastieae,
1233 2303 1405 2388 constmcf

350 2409 402 2470 ret
423 2401 659 2469 monasterium
689 2400 725 2466 in
757 2401 894 2466 civitate
915 2400 1117 2486 Wyntoniae.
1173 2401 1219 2466 Et
1241 2406 1281 2466 ut
1303 2423 1398 2466 suum
1414 2408 1519 2458 sotto.

350 2505 536 2574 desiderare
552 2503 793 2571 sanctissimum
809 2503 937 2569 facilius
952 2503 1176 2590 impetrarent,
1193 2503 1401 2591 praeclarissi-

351 2629 421 2674 mos
443 2606 579 2674 nuntios
601 2607 644 2673 ad
668 2604 854 2685 Falconem,
879 2604 1050 2672 Remeusis
1072 2606 1213 2672 ecclesiae
1235 2629 1274 2672 ac
1295 2607 1401 2673 totius

353 2710 500 2775 Franciae
525 2707 815 2795 archiepiscopum,
838 2705 1100 2774 transmiserunt.
1148 2707 1296 2789 Quorum
1318 2716 1397 2775 voto

352 2818 499 2905 piissimo
532 2816 630 2881 Foloo
661 2814 923 2902 archiepiscopus
952 2815 1163 2895 satisfaciens,
1195 2838 1255 2904 pro
1286 2822 1400 2882 sancto

297 2972 302 2980 .
353 2918 547 2984 Grimbaldo
580 2916 753 3005 epistolam
784 2916 855 3003 regi
888 2916 1168 2984 Christianissimo
1193 2919 1338 3000 Alfredo,
1366 2928 1402 2988 et

353 3020 593 3109 archiepiscopo
608 3018 799 3086 Oantuariae
822 3018 996 3099 Ethered0,
1020 3020 1155 3100 remisit,
1175 3022 1400 3090 continentem

354 3125 455 3191 verbs
469 3146 544 3211 quae
567 3127 753 3209 sequuntur
764 3147 819 3187 :—

355 3332 386 3420 [§
411 3334 455 3420 2.]
479 3331 614 3421 Incipit
636 3331 793 3420 Epistola
815 3332 980 3413 Volsonis,
1003 3332 1204 3402 Rheowusis
1229 3333 1398 3425 archiepi-

441 3434 534 3523 scopi
556 3457 595 3502 ac
616 3435 833 3502 Frcaworum
849 3434 1025 3522 primatis,
1042 3443 1072 3503 et
1086 3437 1290 3524 Apostolieoe
1304 3439 1404 3508 Sedis

442 3536 546 3623 lopati
570 3535 661 3615 uati,
689 3535 1102 3607 acclamabamur
1134 3563 1245 3627 repent
1272 3542 1402 3629 stuplo-

445 3662 529 3706 rwm
554 3638 746 3726 Alfreclaou

391 3774 609 3832 Gloriosissimo
640 3792 673 3830 uc
701 3775 954 3833 Christianissimo
984 3779 1049 3850 regi
1075 3777 1240 3851 Anglornm
1267 3780 1400 3846 Alfredo‚
1449 3734 1521 3852 §a

357 3860 455 3925 Folco,
469 3859 567 3932 gratis
579 3858 645 3924 Dei,
665 3858 846 3915 Rhemorum
866 3861 1102 3934 archiepiscopus
1122 3881 1156 3919 sc
1176 3881 1328 3921 servorum
1348 3866 1404 3920 Dei
1419 3854 1558 3903 lktoefssd·

356 3946 495 4009 famulus,
509 3951 540 4000 et
551 3942 720 4015 temporalis
739 3944 825 4015 regni
838 3950 953 4016 sceptra
971 3963 1086 4018 semper
1102 3947 1246 4013 victricia,
1260 3955 1291 4005 et
1302 3949 1404 4004 coeles·
1419 3922 1517 3969 dressed
1530 3927 1556 3969 ¹⁰

357 4030 394 4085 tis
407 4027 523 4101 imperii
536 4027 647 4099 gaudis
659 4028 845 4099 sempiterna.
883 4028 1017 4083 Primum
1030 4030 1149 4101 quidem
1162 4033 1275 4103 gratias
1288 4033 1404 4105 agimus
1418 3988 1517 4112 ssffieg'
1529 3988 1563 4050 by

356 4112 480 4168 Domino
501 4111 564 4166 Deo
583 4117 691 4178 nostro,
718 4112 830 4168 “Patri
848 4112 990 4167 luminum
1004 4119 1034 4169 et
1051 4115 1164 4170 auctori
1177 4117 1307 4172 omnium
1315 4116 1405 4171 hono·
1418 4118 1570 4183 archbishop

359 4200 377 4223 “
396 4215 471 4261 rum,
492 4215 511 4250 a
532 4213 586 4267 quo
606 4200 646 4250 est
664 4213 742 4250 omne
763 4194 862 4251 dotum
883 4195 1020 4268 optbncm
1037 4203 1063 4252 et
1082 4217 1159 4254 omae
1180 4200 1285 4257 Meum
1302 4201 1405 4272 perfec-
1418 4186 1568 4236 ⁰th⁰i¹¹¹⁸·

358 4281 377 4307 “
396 4274 502 4347 tam‚’'¹
521 4280 572 4350 qui
585 4297 638 4351 per
659 4280 786 4350 gratiam
806 4278 935 4351 Spiritus
956 4280 1066 4347 Sancti,
1080 4301 1138 4337 non
1150 4284 1245 4339 solum
1258 4285 1407 4356 splendes·
1419 4253 1488 4303 A'D'
1507 4256 1573 4302 ⁸⁸⁵?

356 4381 421 4420 cere
439 4365 471 4420 in
488 4363 575 4420 corde
587 4369 685 4419 vestro
697 4364 792 4419 voluit
803 4364 903 4419 lumen
915 4383 977 4420 suae
999 4367 1183 4437 cognitionis,
1196 4386 1301 4426 verum
1318 4369 1407 4424 etiam

356 4455 387 4505 ct
397 4448 475 4520 jam¹
493 4447 651 4504 accendere
664 4446 803 4519 dignatus
815 4453 861 4503 est
872 4439 973 4519 ignem
990 4449 1037 4505 sui
1049 4452 1157 4508 amoris
1168 4473 1176 4519 3
1196 4470 1254 4525 quo
1266 4453 1407 4509 illustrati

356 4534 466 4605 pariter
482 4539 512 4588 et
530 4531 652 4597 accensi,
667 4537 697 4587 et
714 4532 800 4603 regni
819 4532 902 4589 vobis
915 4533 1032 4590 coelitus
1053 4536 1202 4593 commissi
1220 4544 1338 4594 strenue
1359 4538 1408 4593 ad-

357 4615 529 4672 ministratis
541 4616 708 4682 utilitatem,
722 4615 836 4672 bellicis
850 4617 950 4684 srmis,
965 4636 1032 4674 cum
1045 4619 1143 4676 divino
1156 4620 1311 4691 adjutorio,
1323 4621 1404 4676 illius

358 4700 534 4772 exquirendo
557 4700 605 4755 vol
629 4700 737 4755 tuendo
760 4717 872 4772 pacem,
899 4708 929 4757 et
953 4703 1145 4759 ecclesiastici
1170 4704 1281 4761 ordinis
1307 4712 1404 4759 ments

358 4784 497 4855 religiosa
516 4784 658 4839 instanter
677 4783 877 4849 desiderando,
901 4785 1103 4857 spiritualibus
1120 4788 1211 4843 armis
1226 4788 1405 4860 amplificare

343 5061 347 5073 ·
392 5042 582 5094 ¹Jamesi.l7.
822 5040 830 5059 ⁸
906 5047 974 5112 App.
1002 5054 1029 5098 to
1047 5048 1141 5100 Wise's
1170 5047 1229 5100 edit.
1257 5048 1289 5099 of
1314 5046 1403 5114 Asser,

393 5119 859 5189 *sainsorens.,asprintcdin
906 5142 948 5192 pp.
963 5131 1053 5189 198-9,
1089 5171 1094 5182 .
