3817 6450
600 1198 702 1250 iruna
725 1199 771 1247 ns
794 1198 901 1248 urm.
1210 1185 1273 1249 225

358 1411 416 1474 per
438 1387 573 1476 longum
595 1388 685 1453 illius
707 1390 794 1476 prati
817 1390 860 1454 ad
876 1388 1122 1475 Collyngwode,
1137 1395 1173 1455 et
1196 1395 1277 1455 tunc
1299 1400 1365 1455 al).
1378 1405 1434 1451 aaa.

358 1513 400 1556 ex
423 1493 549 1558 oriente
571 1515 591 1557 a
613 1491 700 1576 tque
723 1490 865 1558 urarsclra
887 1479 1010 1558 iterum
1033 1492 1076 1557 ad
1098 1492 1248 1579 Fulputc.
1455 1494 1457 1496 ’

401 1592 463 1658 Isti
498 1599 577 1659 suut
609 1595 743 1659 termini
780 1595 879 1659 unius
915 1593 1016 1679 hydae
1053 1601 1148 1661 terrae
1187 1597 1275 1682 apud

359 1695 499 1762 Stathe:
548 1696 705 1784 Inprimis
742 1719 826 1782 pone
872 1696 988 1783 pedem
1026 1698 1069 1762 ad
1107 1700 1276 1785 superiora

355 1798 471 1864 limitis
493 1799 574 1864 dicti
597 1797 649 1863 tlte
670 1799 770 1876 Warc,
787 1798 833 1863 sic
847 1798 1051 1884 procedendo
1067 1800 1109 1864 ad
1132 1800 1275 1887 lapidem

357 1901 500 1985 positum
523 1900 611 1987 apud
634 1906 774 1986 portam,
798 1900 840 1964 ab
864 1900 921 1965 illa
943 1906 1040 1987 porta
1062 1909 1274 1988 pertranseas,

357 2024 399 2067 ex
421 2004 560 2068 australi
575 2008 668 2089 parte
684 2009 800 2068 tenens
823 2003 1064 2091 longitudinem
1081 2004 1170 2069 illius
1185 2006 1273 2092 prati

357 2105 515 2189 paludosi,
539 2127 708 2191 quousque
731 2106 901 2190 pervenias
931 2105 975 2170 ad
1005 2106 1158 2192 paludem
1173 2108 1274 2171 servi-

357 2206 421 2270 lem
451 2229 555 2293 usque
585 2207 626 2272 ad
658 2206 843 2291 Tychefeld.
888 2207 1017 2273 Deinde
1051 2214 1179 2273 reverte
1216 2222 1410 2295 perforare.

357 2316 502 2374 austrum
528 2316 645 2374 tenens
673 2309 916 2395 longitudinem
946 2308 1036 2374 illius
1066 2312 1152 2396 prati
1184 2312 1275 2397 palu-

358 2411 437 2486 desi,
475 2431 643 2497 quousque
674 2410 854 2497 attingitur
883 2410 968 2496 lapis
999 2412 1057 2495 qui
1087 2417 1156 2476 stat
1185 2415 1273 2500 apud

358 2513 514 2590 Benham‚
537 2535 575 2578 ac
597 2518 678 2577 tunc
701 2535 742 2577 ex
774 2513 901 2578 oriente
931 2513 1138 2599 apprehende
1169 2513 1274 2602 longi·

356 2616 505 2681 tudinem
543 2615 632 2679 illius
662 2614 792 2701 paludis
822 2622 911 2680 recto
941 2617 1075 2681 tramite
1106 2637 1274 2703 quousque

356 2721 502 2805 attingas
524 2723 671 2783 montem
694 2718 797 2795 illum,
821 2717 863 2782 ab
886 2717 943 2782 illo
967 2725 1079 2784 monte
1101 2742 1122 2784 a
1144 2721 1276 2785 meridi-

356 2822 444 2884 onali
467 2822 565 2907 plaga
587 2826 793 2906 pertranseas
814 2818 1056 2904 longitudinem
1077 2822 1166 2885 illius
1188 2825 1275 2908 prati

356 2923 506 3009 paludosi
529 2923 617 3008 quod
641 2922 732 2986 ducit
755 2921 797 2985 ad
821 2920 1021 3008 eratwyst‚
1044 2945 1064 2987 a
1089 2923 1274 3010 Whatwyst

356 3032 468 3089 musas
491 3031 619 3111 partem
643 3024 879 3089 occidentalem
902 3046 1071 3110 quousque
1086 3027 1275 3111 perveneris

356 3128 398 3191 ad
415 3127 659 3213 Colynghurnc,
675 3126 792 3190 deinde
807 3147 904 3189 serva
918 3125 1158 3212 longitudinem
1175 3150 1274 3214 aqua·

355 3253 428 3296 rum
452 3231 697 3295 decurrentium
722 3229 960 3316 progrediendo
983 3251 1042 3314 per
1072 3230 1270 3296 occidentem

355 3333 398 3398 ad
442 3333 533 3397 illam
579 3333 707 3397 foveam
746 3331 934 3417 spatiosam,
973 3332 1092 3396 deinde
1129 3335 1273 3400 tenendo

354 3435 515 3500 borealem
539 3436 671 3521 plagam
695 3456 769 3499 cum
800 3432 1011 3519 longitudine
1041 3434 1130 3499 illius
1159 3436 1271 3517 foveae,

354 3545 441 3603 recte
464 3537 507 3602 ad
530 3538 621 3601 illam
647 3542 785 3623 portam,
809 3535 850 3600 ab
881 3534 940 3599 illa
971 3543 1067 3622 porta
1096 3543 1184 3603 recte
1207 3540 1272 3604 dis-

320 3721 322 3726 y
354 3663 464 3705 curras
487 3640 665 3705 secundum
689 3638 777 3724 quod
799 3637 988 3724 assignatur
1011 3660 1113 3725 usque
1136 3641 1179 3705 ad
1203 3648 1271 3707 tor-

352 3749 488 3807 rentem.
549 3740 641 3806 Tunc
664 3763 722 3827 per
752 3741 887 3826 longum
918 3741 1043 3806 rivulos
1066 3748 1271 3828 pertranseas

352 3846 395 3909 ad
418 3845 596 3910 terminum
619 3843 820 3930 appellatum
843 3842 1036 3929 Fuqylflete,
1058 3844 1101 3909 ab
1124 3846 1181 3911 illo
1204 3861 1269 3913 ter-

353 3948 443 4011 mino
467 3955 554 4012 recte
576 3947 612 4010 in
635 3967 731 4009 mare.

395 4051 453 4114 Hii
470 4056 549 4114 sunt
563 4050 685 4113 limites
708 4046 815 4111 unius¹
842 4047 941 4132 hydae
966 4055 1062 4114 tcrrae
1084 4051 1171 4136 apud
1189 4053 1269 4118 Fro-

353 4153 543 4238 dyngtouc:
577 4151 720 4236 Incipias
751 4150 793 4213 ab
824 4148 880 4213 illo
911 4150 982 4214 loco
1004 4159 1194 4238 nuncupato
1217 4153 1268 4221 aa

357 4255 450 4319 Wura
473 4252 676 4318 ascendendo
700 4251 742 4316 ad
761 4251 962 4336 Bradwatyr
984 4255 1162 4319 secundum
1180 4256 1268 4340 quod

351 4356 523 4433 limitatur,
563 4379 583 4419 a
621 4354 820 4440 Bradwatyr
858 4355 1012 4439 procedas
1042 4379 1084 4420 ex
1113 4358 1267 4442 aquilone

352 4480 408 4544 per
439 4460 572 4544 longum
604 4464 735 4543 pratum
765 4456 960 4542 paludosum
995 4459 1195 4543 protendens
1224 4459 1267 4523 ad

350 4559 577 4646 Mereburuglr.
624 4560 656 4623 A
672 4558 892 4645 Mereburugh
908 4580 950 4623 ex
967 4561 1093 4625 oriente
1116 4582 1174 4646 per
1195 4562 1265 4626 lou-

347 4685 426 4749 gum
442 4669 575 4748 pratum
598 4662 801 4748 paludosum,
818 4682 988 4746 quousque
1012 4662 1200 4748 perveneris
1222 4662 1266 4727 ad

348 4764 632 4851 Suttyngworthe,
663 4785 684 4827 a
713 4764 990 4850 Suttyngworthe
1020 4764 1062 4829 ad
1102 4764 1264 4844 Dolmore‚

215 4966 557 4975 —..—--—.-—--
569 4968 601 4973 --
621 4968 658 4973 -.-
672 4967 691 4973 ...
982 4964 1122 4974 -.n—a·-
1138 4964 1258 4973 .-———

374 5097 379 5125 ¹
396 5095 439 5145 sa
452 5096 478 5144 in
491 5095 560 5154 MS.;
572 5095 616 5144 but
628 5108 669 5145 sce
681 5094 723 5144 the
735 5093 921 5158 anglo-Saxas
934 5099 996 5153 text,
1009 5107 1032 5157 p.
1045 5097 1101 5142 220.

1109 5188 1129 5235 P
