3817 6450
528 1182 629 1231 urana
651 1182 698 1230 na
721 1178 827 1228 nuni.
1138 1164 1202 1229 193

256 1371 397 1427 eoelornm
416 1371 510 1435 sedes,
530 1388 586 1425 uon
605 1368 667 1424 siue
686 1368 799 1424 cultore
816 1384 920 1438 passus
939 1378 1072 1437 torpere;
1094 1365 1200 1420 forma·
1219 1375 1290 1427 M),
1302 1381 1358 1429 966.

253 1457 291 1510 tis
322 1473 357 1509 ex
388 1455 504 1510 informi
534 1455 658 1508 materia
687 1452 871 1507 diversarum
901 1468 1002 1505 rerum
1033 1449 1196 1520 speciebus
1212 1453 1359 1506 charterot'

256 1540 406 1593 homiuem
428 1538 546 1593 taudem
571 1555 605 1592 ex
629 1537 700 1591 limo
724 1536 883 1600 eonditum,
903 1535 972 1589 vitiu
997 1533 1143 1605 spiraculo
1162 1533 1199 1587 ad
1212 1521 1282 1588 ¹5⁰8

252 1624 299 1679 aui
324 1624 462 1678 formavit
486 1622 726 1684 similitudinem
758 1621 805 1674 cui
832 1619 970 1674 universa
992 1619 1083 1673 totius
1107 1617 1199 1672 cosini
1212 1627 1348 1705 contigua

253 1709 415 1779 superficie,
438 1705 555 1762 condita
583 1705 750 1775 subjiciens,
771 1704 901 1773 seipsum
923 1719 1049 1772 suosque
1067 1707 1200 1772 posteros
1349 1693 1356 1707 '

252 1791 308 1846 sibi
327 1791 460 1861 subjecit,
481 1797 625 1860 quatenus
646 1788 710 1858 ejus
730 1794 903 1841 exsecutura
926 1786 1083 1856 posteritas
1113 1803 1201 1855 ange·

253 1871 349 1929 lorum
376 1873 527 1945 suppleret
553 1889 717 1936 numerum,
748 1869 890 1927 coelorum
917 1868 1036 1925 sedibus
1064 1870 1202 1941 superbia

251 1964 386 2029 turgente
404 1957 567 2014 detrusum.

179 2155 338 2237 Qualiter·
359 2155 402 2222 in
424 2154 596 2222 Paradiso
619 2152 693 2219 siria
716 2152 861 2220 crimine
884 2162 1095 2221 careereotoa
1117 2156 1169 2222 ait.

582 2256 662 2322 Car.
687 2255 756 2320 ΙΙΙ.

286 2405 342 2477 Qui
355 2407 552 2462 Paradisiaeae
571 2405 731 2477 voluptatis
756 2406 925 2461 amoenitate
943 2406 1065 2471 locatus,
1085 2408 1196 2463 nullius

251 2492 294 2545 rei
313 2492 478 2562 patiebatur·
490 2489 685 2560 dispendium,
701 2488 752 2544 sed
771 2490 798 2544 ci
817 2489 907 2544 totius
919 2490 1022 2546 mundi
1040 2492 1077 2545 ad
1096 2506 1194 2547 votum

251 2575 456 2645 suppeditabat
478 2574 613 2628 facultas.
671 2572 773 2627 Totius
797 2590 923 2642 namque
948 2573 1087 2629 bonitatis
1111 2575 1196 2629 uber-

251 2666 310 2712 tate.
328 2659 437 2712 fruenti
456 2657 537 2711 nulla
560 2656 587 2710 ei
606 2673 654 2710 res
672 2656 775 2711 instita
798 2656 970 2721 resistebat3
996 2664 1110 2711 amore¹
1131 2658 1196 2712 alti·

250 2741 354 2796 throno
378 2740 481 2795 devote
504 2740 676 2809 obsequenti
700 2746 836 2795 ereatura
864 2746 971 2795 cuncta
999 2741 1196 2796 famulabatur

251 2827 390 2896 subjecta.
429 2825 594 2879 Fruebatur
617 2823 802 2878 laetabundus
826 2823 974 2878 Crantoris
1001 2825 1138 2896 tripudio,
1164 2833 1195 2880 et

251 2909 422 2978 angelorum
440 2909 576 2964 alacriter
594 2907 731 2962 utebatur
749 2909 904 2962 consortio.
954 2908 1022 2963 Nou
1047 2927 1114 2964 euru
1132 2928 1195 2965 cor·

250 2992 357 3064 poralis
371 2993 543 3048 debilitabat
556 2990 740 3054 imbeciliter,
760 3009 812 3045 uec
824 2992 914 3046 animi
932 2993 1082 3063 affligebat
1099 2995 1195 3048 auxie·

250 3083 304 3131 tas.
342 3076 410 3131 Non
434 3082 504 3147 typo
528 3075 602 3129 levis
627 3075 797 3145 raptabatur
822 3076 977 3145 superbire,
1005 3077 1057 3131 aad
1084 3095 1138 3133 suo
1162 3095 1194 3132 se

250 3160 431 3231 coujungens
449 3160 560 3214 auctori
580 3158 700 3213 humilis
725 3158 853 3230 pollebat
871 3160 1003 3214 mirifica.
1040 3161 1106 3215 Non
1126 3179 1194 3215 eum

250 3243 344 3298 inanis
369 3243 515 3298 tumidum
534 3243 657 3297 vexabat
676 3243 779 3312 gloria,
806 3242 858 3297 sed
881 3242 1020 3297 devotum
1045 3244 1193 3300 Crantoris

250 3327 456 3398 magnificabat
473 3328 622 3382 memoria.
661 3326 728 3381 Non
746 3325 858 3380 invidia
876 3343 943 3379 enm
962 3327 1057 3380 alieno
1075 3334 1192 3398 torque·

250 3412 301 3466 bat
323 3412 465 3483 profectu,
493 3411 545 3465 sed
562 3411 714 3466 eharitatis
735 3410 850 3481 jugiter
870 3408 1027 3465 laetabatur
1046 3411 1190 3482 amplexu.

249 3495 315 3549 Non
333 3497 378 3549 ira
389 3495 575 3550 cruciabatur
586 3495 720 3558 infestus,
740 3494 792 3549 sed
810 3493 963 3550 charitatis
981 3495 1194 3565 tranquillitate

250 3579 412 3634 leniebatur
442 3579 684 3650 patientissimus.
733 3579 801 3633 Non
824 3596 893 3633 aum
916 3579 1039 3634 tristitia
1067 3598 1193 3635 moerore

250 3662 412 3733 dejiciebat,
439 3663 491 3717 sed
515 3662 616 3733 gaudii
640 3663 802 3734 spiritualis
827 3681 878 3734 spe
909 3664 1037 3734 pollente
1060 3665 1191 3720 florebat.

249 3746 315 3801 Nou
334 3747 458 3801 avaritia
474 3746 599 3801 nimium
617 3746 792 3801 incitabatur
803 3747 937 3818 cupidus,
952 3747 1005 3803 sed
1017 3748 1193 3820 dapsilitatis

250 3830 346 3885 studio
371 3831 560 3886 exercebatur
578 3830 774 3902 largissimus,
810 3831 878 3886 Non
900 3831 1007 3887 illicito
1030 3833 1193 3887 massicus*-⁸

249 3913 446 3970 delectabatur
465 3915 572 3977 edulio,
587 3915 638 3969 sed
660 3915 800 3985 parcitate
821 3921 974 3971 contentus
995 3916 1076 3973 licito
1093 3918 1193 3972 uteba·

248 4004 297 4052 tur
322 3999 440 4053 cibario.
478 3998 546 4052 Non
569 3999 686 4052 luxuria
709 4016 774 4053 eum
798 4000 969 4056 stimulabat
991 4001 1113 4065 nelarie,
1140 4001 1192 4055 aed

249 4081 425 4138 continentia
442 4089 609 4153 competens
630 4082 850 4153 constringebat
873 4083 910 4138 ad
927 4085 1057 4155 praemia.
1093 4083 1193 4139 Omni-

248 4184 299 4220 um
328 4167 484 4237 policrates
509 4166 661 4230 virtutum,
688 4166 801 4220 cunctis
831 4184 933 4223 carens
958 4166 1100 4233 adversis,
1132 4186 1192 4223 om·

247 4249 334 4304 nibus
359 4250 464 4305 florens
483 4251 641 4321 prosperis,
661 4250 718 4305 rite
736 4249 865 4320 pellebat
882 4251 1039 4322 ingenuus.

150 4440 314 4523 Quantulo
339 4442 469 4509 aarum
490 4441 566 4508 sine
587 4449 692 4510 morta
715 4443 930 4510 eorwoeeulere
952 4444 1144 4530 confidebat,
1161 4451 1192 4511 et

245 4542 408 4611 Diabolus
429 4543 575 4610 invidos
597 4565 640 4611 aa
661 4544 850 4611 cwcamleret
872 4545 1084 4634 impediebat.
1204 4560 1248 4615 sol.
1261 4566 1292 4616 et
1305 4564 1329 4614 u.

580 4646 659 4712 Car.
684 4646 742 4712 IV.

283 4764 337 4834 Qui
353 4765 435 4837 prole
459 4765 496 4820 ad
514 4783 668 4820 numerum
686 4771 801 4837 patrata
821 4768 1053 4840 superbientium
1076 4768 1193 4840 angelo·

246 4867 323 4915 rum,
338 4850 476 4905 universa
488 4850 644 4906 comitante
656 4851 801 4923 prosapia,
816 4853 879 4908 sine
887 4852 975 4908 loet0²
987 4860 1105 4924 gustato
1118 4853 1192 4922 ligni

175 5069 287 5134 ¹cmore]
301 5069 366 5121 Coo.
380 5070 435 5122 MS.
448 5072 520 5122 reads
532 5072 628 5136 qurppe.
661 5071 666 5137 Ι
713 5070 819 5121 ²Sr'ein
831 5070 887 5123 MS.

1034 5166 1057 5214 N
