3817 6450
721 1211 823 1259 LIBER
845 1211 892 1258 Du
915 1211 1020 1260 HYDA.
1353 1201 1388 1261 4]

347 1394 425 1471 filio,
447 1399 508 1460 aut
529 1396 721 1482 propinquo,
746 1398 798 1461 vel
821 1397 911 1463 fideli
942 1396 1056 1476 amico,
1084 1418 1190 1461 sacros
1212 1395 1314 1459 libros
1336 1395 1397 1458 im-

346 1498 488 1583 perabat
511 1499 666 1579 recitare,
687 1505 723 1564 et
745 1499 886 1578 dolebat,
910 1501 947 1564 in
971 1499 1109 1579 intimis
1125 1500 1202 1584 quia
1224 1498 1260 1562 in
1277 1498 1397 1583 juven-

348 1606 421 1666 tute
445 1623 512 1667 non
534 1603 707 1668 studuerat
729 1603 852 1668 talibus
875 1602 1000 1669 studiis.

400 1918 432 2004 [ᾗ
450 1924 481 1982 4.
506 1916 728 1985 Fouocdcctiou
750 1920 790 2005 of
809 1920 860 1985 uc
888 1920 1086 2005 Uccivccuc'ty
1109 1920 1147 2005 of
1171 1919 1354 2005 Ooford-

683 2020 832 2107 Alsced’s
854 2022 1072 2108 tcy‘ietutc'ori]

393 2193 505 2282 Igitur
534 2216 622 2260 enno
654 2196 836 2261 Dominicae
867 2196 1104 2261 incarnationis
1127 2196 1399 2283 octingentesimo
1410 2209 1479 2260 ΑΒ.
1491 2215 1549 2262 sor.

349 2298 544 2383 octogesimo
555 2304 659 2374 sexto,
671 2320 758 2363 anno
768 2298 910 2364 secundo
922 2300 1085 2364 adventus
1096 2299 1202 2364 sancti
1214 2297 1398 2364 Grimbaldi
1410 2289 1555 2406 {wille

351 2400 384 2463 in
406 2400 573 2488 Angliam,
598 2402 731 2488 incepto
754 2410 803 2467 est
823 2403 1031 2467 universitas
1063 2402 1212 2480 Oxoniae,
1243 2401 1399 2488 primitus
1411 2423 1560 2489 University

351 2502 384 2566 in
407 2504 521 2569 eadem
544 2505 743 2592 regentibus,
766 2528 804 2571 ac
827 2506 862 2570 in
886 2505 1052 2592 theologia
1077 2504 1263 2592 legentibus
1285 2510 1398 2569 sancto
1411 2490 1562 2607 &iffi

351 2603 490 2687 Nectho,
507 2606 628 2672 abbate
651 2630 778 2674 necnon
793 2609 829 2673 in
845 2608 1013 2695 theologia
1035 2608 1167 2672 doctore
1189 2607 1340 2693 egregi03
1365 2612 1399 2672 et
1411 2624 1482 2674 orio
1492 2624 1556 2674 Pro·

350 2717 460 2776 sancto
484 2710 688 2788 Grimbeldo,
712 2733 813 2777 sscrae
835 2711 965 2799 paginae
988 2711 1191 2776 suavissimae
1215 2709 1399 2775 dulcedinis
1410 2690 1509 2742 sm·

351 2812 623 2878 excellentissimo
645 2814 832 2899 professore.
878 2814 920 2877 In
943 2814 1158 2901 grammatica
1180 2835 1257 2878 vero
1272 2819 1306 2878 et
1326 2813 1399 2878 rho

351 2917 452 2981 torics
486 2923 622 3003 regente
650 2917 778 2996 Assoro,
809 2917 1000 3003 presbytero
1030 2922 1066 2981 ct
1095 2916 1263 2993 monacho,
1294 2938 1332 2981 ec
1362 2917 1398 2980 in

351 3024 419 3084 erte
444 3018 629 3084 literatorie
658 3020 730 3083 viro
760 3020 991 3085 eruditissimo.
1039 3020 1081 3084 In
1111 3020 1283 3085 dialectico
1309 3041 1397 3100 vero,

351 3122 480 3198 mirsion,
503 3122 723 3202 arithmetice,
746 3122 876 3210 legente
903 3123 1066 3201 Johcnne,
1098 3122 1257 3187 monacho
1288 3122 1399 3186 Mene·

350 3224 456 3290 vensis
479 3224 628 3291 ecelesiae.
675 3224 718 3291 In
747 3225 928 3312 geometria
959 3232 993 3290 et
1023 3224 1231 3304 astronomia,
1262 3224 1397 3289 docente

350 3327 508 3408 Jobnnne,
540 3328 698 3394 monacho
732 3351 770 3394 ae
804 3329 928 3416 college
961 3328 1070 3393 sancti
1099 3326 1294 3406 Grimbaldi,
1324 3328 1397 3392 viro

349 3433 529 3498 acutissimi
551 3433 677 3520 ingenii
700 3438 734 3498 et
757 3434 985 3519 undecumque
1000 3431 1213 3511 doctissim03
1235 3437 1396 3518 praesente

350 3533 580 3622 gloriosissimo
612 3541 646 3602 et
677 3534 919 3602 invictissimo¹
952 3558 1028 3623 rege
1059 3533 1202 3612 Alfredo‚
1235 3535 1327 3620 cujus
1358 3537 1394 3599 in

351 3640 437 3705 omni
459 3661 523 3717 ore,
547 3639 640 3726 quasi
671 3639 745 3720 mel,
777 3639 999 3705 indulcabitur
1031 3637 1195 3718 memoria,
1226 3644 1261 3704 et
1290 3639 1395 3705 totius

351 3741 440 3829 regni
464 3742 516 3808 sui
539 3741 625 3808 clero
648 3748 682 3807 et
704 3742 832 3830 populo.
881 3742 951 3808 Ubi
982 3742 1070 3808 idem
1096 3764 1154 3807 rex
1177 3743 1393 3829 prudentissi·

351 3866 419 3910 mus
442 3845 599 3910 Alfredus
622 3845 689 3910 tale
713 3845 880 3912 decretum
905 3845 1021 3926 edidit,
1052 3845 1214 3923 videlicet,
1246 3852 1285 3911 ut
1309 3848 1393 3935 opti·

350 3954 452 4014 metes
475 3949 527 4014 sui
550 3947 634 4014 fflios
658 3971 742 4029 suos,
767 3949 819 4014 vel
842 3949 870 4014 si
892 3948 979 4014 filios
1001 3971 1068 4014 non
1090 3949 1260 4029 haberent,
1277 3951 1393 4016 saltem

351 4071 456 4116 servos
472 4074 556 4131 suos,
573 4052 602 4116 si
617 4053 751 4141 ingenio
765 4052 936 4140 pollerent,
952 4074 1103 4118 concessa
1118 4053 1273 4120 libertate
1288 4054 1394 4121 literis

352 4154 622 4221 commendarent.

394 4391 475 4474 Quae
499 4391 698 4460 universitas
722 4391 861 4461 Oxoniae
884 4394 1050 4481 quondam
1067 4401 1138 4461 erat
1153 4400 1250 4462 extra
1265 4401 1394 4483 portem
1407 4405 1515 4470 Epirote

352 4491 516 4562 Borealem
529 4497 557 4583 ej
563 4497 674 4562 usdem
692 4497 791 4576 dnbio,
805 4503 839 4563 et
850 4504 923 4564 erat
934 4498 1125 4585 principalis
1140 4498 1276 4564 ecclesia
1290 4499 1394 4564 totius
1407 4473 1542 4604 3332„

352 4597 423 4664 cleri
441 4600 575 4666 ecclesis
590 4601 697 4665 saneti
721 4593 841 4688 Egidii,
859 4606 956 4666 extro
971 4601 1108 4667 eandem
1123 4609 1273 4687 portem,
1296 4602 1393 4666 modo
1408 4606 1450 4655 the
1461 4606 1518 4655 suo

352 4720 424 4766 vero
441 4710 500 4780 cst,
516 4703 630 4767 intra²
646 4725 755 4769 muros
771 4703 862 4769 urbis
879 4703 1027 4784 Oxoniae,
1041 4710 1075 4770 ct
1090 4709 1140 4769 est
1156 4703 1291 4770 ecelesia
1306 4703 1395 4790 prin·
1408 4679 1545 4789 :ffiugffie

352 4803 459 4890 cipalis
475 4804 560 4883 cleri,
572 4807 706 4872 ecclesia
721 4807 852 4873 Senotae
863 4807 979 4873 Merite
995 4807 1104 4872 intrc²
1120 4806 1256 4872 condem
1271 4805 1395 4871 urbem.
1409 4805 1556 4872 Universiry

407 4976 629 4984 ——w
1286 4973 1396 4981 --—⁴—·-·

383 5073 388 5104 ¹
402 5073 466 5133 Md,
480 5074 706 5127 invictoriosissimo.
867 5075 872 5142 Ι
920 5076 1007 5139 ²qu
1020 5077 1096 5142 infru.
