3817 6450
1011 1146 1021 1173 O

777 1182 959 1230 serarum.
1329 1168 1395 1230 313

347 1368 450 1431 moria
465 1369 528 1432 erit
543 1369 580 1431 in
595 1367 701 1447 laude,
717 1372 751 1432 et
766 1389 887 1432 nomen
902 1368 972 1453 ejus
995 1365 1205 1431 benedicetur
1219 1364 1255 1428 in
1270 1365 1395 1431 seacula.

348 1469 474 1535 Tantus
494 1470 635 1555 denique
651 1471 691 1534 de
706 1469 777 1555 ejus
792 1469 942 1534 absentia
957 1467 1023 1533 fuit
1038 1468 1137 1545 dolor,
1154 1473 1314 1554 tantaque
1329 1491 1396 1533 om·
1473 1478 1475 1481 ‘

348 1592 404 1636 nes
420 1573 615 1657 impleverat
626 1571 768 1649 devotio,
780 1576 819 1635 ut
831 1571 1029 1636 nobilissimi
1041 1570 1176 1656 quidam
1188 1569 1305 1646 clerici,
1316 1591 1397 1654 quos

349 1674 488 1738 multum
506 1674 542 1737 in
553 1673 627 1737 vita
638 1672 810 1749 dilexerat,
820 1674 862 1737 ad
878 1672 1063 1758 sepulcrum
1076 1671 1147 1758 ejus
1162 1693 1222 1759 per
1236 1694 1315 1736 xxx.
1330 1670 1398 1735 dies

349 1775 383 1838 in
403 1776 534 1861 vigiliis,
549 1775 763 1855 orationibus,
780 1780 814 1840 et
831 1775 968 1861 jejuniis
990 1775 1203 1861 persistentes
1218 1780 1287 1839 tum
1302 1775 1398 1860 lugu-

348 1878 420 1943 bres
446 1902 545 1965 quam
577 1880 714 1944 devotas
745 1876 902 1943 excubias
932 1878 1176 1965 persolverent3
1206 1877 1263 1942 sed
1297 1877 1395 1942 etiam

349 2003 450 2066 usque
465 1981 563 2047 hodie
578 1982 735 2046 memoria
750 1981 821 2066 ejus
837 1980 931 2065 quasi
948 2002 1037 2045 nova
1052 1980 1200 2046 habetur.
1233 1980 1399 2046 Caeterum

348 2091 387 2148 ut
402 2086 630 2150 ostenderetur
647 2084 715 2170 ejus
739 2084 867 2149 meritis
889 2084 1049 2171 Angliam
1064 2084 1208 2149 valuisse
1232 2089 1266 2148 et
1288 2103 1399 2169 regem

351 2187 531 2252 Heuricum
546 2188 615 2273 ejus
638 2186 787 2273 precibus
809 2208 972 2273 regnasse,
993 2186 1080 2250 infra
1103 2186 1174 2251 dies
1188 2186 1257 2251 viii.
1274 2185 1400 2271 deposi-

351 2290 449 2354 tionis
473 2291 543 2375 ejus
566 2296 640 2353 orta
663 2292 713 2353 est
736 2293 852 2353 contra
876 2310 951 2353 eum
974 2309 1062 2353 nova
1085 2287 1237 2374 quaedam
1255 2293 1290 2353 et
1305 2287 1400 2372 quasi

352 2391 616 2475 inextinguibilis
639 2391 811 2455 discordia.
857 2391 950 2456 Duos
980 2392 1069 2456 enim
1095 2392 1258 2477 principes
1279 2390 1499 2481 Noun-fleury

353 2494 536 2579 Anglorum
570 2495 614 2558 ad
645 2516 678 2558 se
709 2493 841 2579 pacifice
871 2492 1053 2570 venientes,
1084 2494 1239 2558 comitem
1276 2470 1549 2601 10111001ξιᾞῖζίζξξζ,1

353 2597 489 2660 Ocnsem
516 2604 550 2661 et
574 2596 617 2660 H.
641 2597 681 2661 de
707 2596 842 2672 Gurnai,
865 2595 902 2658 in
933 2595 1026 2659 curia
1056 2616 1115 2659 sua
1148 2618 1190 2660 ex
1221 2596 1550 2681 improvisothecount

352 2700 423 2784 capi
448 2699 548 2782 jussit
570 2711 604 2763 et
627 2698 746 2763 carceri
777 2697 965 2783 mancipari.
1012 2697 1114 2782 Cujus
1144 2698 1191 2762 rei
1222 2698 1311 2763 fama
1332 2719 1398 2761 non
1411 2670 1556 2801 ffi’ff

352 2802 454 2865 solum
477 2801 683 2865 Normannia
705 2805 765 2864 aut
787 2799 912 2887 Anglia
934 2804 1099 2865 commota
1128 2804 1189 2880 cst,
1212 2799 1268 2864 sed
1299 2799 1399 2864 etiam
1413 2803 1541 2867 eoumny.

356 2902 463 2966 Gallia
490 2908 524 2967 et
558 2908 630 2967 tota
663 2902 822 2966 Fla-adria
834 2926 842 2980 ;
862 2902 966 2967 vicini
997 2924 1126 2987 quoque
1161 2901 1323 2989 principes
1351 2901 1401 2967 itu

355 3006 479 3069 efferati
500 3010 579 3069 sunt
598 3005 683 3069 circa
706 3027 814 3091 regem
833 3004 1016 3069 Heuricum
1041 3026 1078 3068 aa
1101 3004 1129 3068 si
1152 2995 1287 3069 eatenus
1317 3003 1400 3068 nihil

355 3112 437 3170 esset
459 3107 641 3172 actitatum.
690 3108 778 3172 Nam
800 3107 906 3193 primo
931 3105 1093 3192 principes
1116 3111 1150 3170 et
1171 3105 1289 3170 fratres
1303 3105 1401 3170 comi·

1411 2870 1480 2920 A.D.
1495 2873 1568 2921 1119.

355 3209 399 3273 tis
431 3207 546 3273 Oensis
584 3209 633 3274 ira
670 3209 834 3289 commoti,
872 3208 1103 3274 Baldewinum
1139 3206 1400 3273 strenuissimum

350 3311 514 3395 juvenem,
553 3313 704 3377 comitem
743 3311 866 3377 scilicet
900 3311 1145 3388 Flandrensem,
1174 3310 1332 3389 invitant,
1366 3316 1401 3376 01

355 3436 428 3477 curn
459 3420 529 3478 toto
560 3416 708 3479 exercitu
737 3414 824 3478 infra
854 3413 979 3478 castelli
1010 3413 1172 3478 ambitum
1196 3412 1313 3478 Oensis
1342 3413 1402 3477 im-

356 3517 504 3581 mittunt.
550 3516 737 3602 Stephanus
759 3521 870 3581 autem
893 3537 999 3581 comes
1014 3515 1294 3581 Albamarecensis
1316 3515 1402 3580 invi-

356 3624 445 3682 tatus
468 3642 488 3681 a
510 3641 586 3705 rege
609 3619 754 3684 Heurico
776 3621 889 3684 venire
912 3618 1119 3705 contempsit,
1135 3619 1192 3684 sed
1214 3607 1401 3684 convocatis

356 3721 456 3806 copiis
479 3728 512 3785 ct
534 3723 647 3786 amicis
677 3722 828 3786 invitatis
859 3722 993 3786 castella
1022 3743 1081 3786 sua
1110 3721 1221 3786 munit
1243 3726 1277 3787 et
1299 3720 1402 3786 rebel-

357 3823 422 3887 lare
438 3824 518 3886 totis
533 3823 660 3887 viribus
683 3825 861 3889 contendit.
904 3824 1073 3910 Principes
1095 3845 1225 3910 quoque
1249 3822 1403 3909 Hugonis

358 3926 593 3990 Gumcacensis
622 3926 794 3990 audientes
824 3925 995 3990 dominum
1022 3948 1118 3990 suum
1141 3933 1282 4012 captum,
1306 3925 1404 3990 obfir-

358 4028 454 4091 matis
477 4028 629 4092 omnibus
653 4029 893 4093 munitionibus
921 4029 988 4092 suis
1011 4051 1032 4093 a
1054 4050 1129 4114 rege
1152 4027 1307 4107 Heurico,
1330 4026 1400 4091 imi·
1414 4030 1460 4084 lot
1474 4032 1538 4084 ¹⁶b·

358 4135 466 4193 tontes
485 4152 594 4214 regem
614 4130 822 4210 Francorum,
839 4153 873 4194 se
889 4129 1044 4195 alienant.
1092 4129 1277 4195 Willelmus
1292 4136 1404 4194 autem

357 4233 397 4295 de
421 4232 606 4307 Warennia,
633 4254 720 4296 unus
752 4254 794 4297 ex
821 4231 935 4317 primis
958 4231 1261 4319 Norm-Anglorum
1283 4231 1405 4318 princi·

358 4333 461 4419 pibus,
495 4335 697 4419 comperiens
727 4341 880 4420 nepotem
912 4356 1008 4399 suum
1047 4335 1188 4399 eundem
1226 4333 1404 4421 Hugonem

358 4437 475 4500 carceri
499 4437 731 4521 mancipatum,
747 4459 857 4523 regem
873 4437 1030 4502 convenit
1046 4436 1238 4513 Heuricum,
1252 4440 1287 4501 et
1308 4444 1406 4499 causa

358 4544 462 4602 tantm
486 4539 647 4602 novitatis
670 4538 840 4615 ventilata,
871 4544 1027 4623 utrosque
1057 4538 1220 4626 principes
1242 4537 1406 4602 industria

358 4662 416 4702 sua
446 4646 479 4703 et
502 4639 636 4704 consilio
668 4639 809 4704 vinculis
841 4641 957 4705 eduxit
990 4645 1024 4704 et
1054 4641 1194 4727 propriis
1228 4638 1405 4704 honoribus

358 4742 512 4805 restituit.
559 4741 710 4826 Denique
730 4741 831 4826 Hugo
847 4741 887 4806 de
904 4742 1068 4807 Gurnaico
1082 4741 1231 4807 libertati
1246 4740 1404 4820 redditus,

353 4843 487 4926 juvenis
510 4844 642 4929 quidem
659 4849 760 4908 retate
775 4843 833 4907 sed
849 4844 959 4909 animo
975 4844 1072 4921 ferus
1088 4849 1157 4909 tam
1172 4842 1291 4908 doloris
1306 4864 1405 4927 quam

359 4946 563 5010 verecundiae
587 4946 774 5030 impatiens,
797 4945 919 5011 milites
954 4968 1036 5030 quos
1069 4968 1128 5010 rex
1153 4945 1315 5008 Heuricus
1337 4967 1406 5009 cas·

359 5046 445 5110 tcllis
475 5048 620 5133 ejusdem
648 5048 690 5111 ob
713 5047 923 5114 securitatem
957 5047 1135 5113 induxerat
1167 5047 1246 5112 totis
1279 5046 1407 5112 viribus
