3817 6450
703 1222 804 1273 urana
828 1222 874 1271 nn
896 1222 1001 1271 urus.
1329 1206 1368 1268 11

369 1406 451 1471 Post
471 1404 681 1492 Sigebertum
701 1410 923 1492 regnaverunt
940 1404 1122 1469 successive
1141 1402 1289 1486 Edricus,
1306 1403 1372 1489 [et]
1386 1416 1442 1466 The
1454 1431 1511 1467 sne-

324 1510 434 1590 Anna,
464 1509 517 1574 vir
546 1509 698 1596 optimus,
728 1512 822 1595 pater
848 1512 973 1574 sanctae
996 1506 1200 1572 Etheldridae
1225 1506 1373 1593 virginis,
1386 1483 1524 1617 {effissf

323 1635 423 1699 quam
434 1611 599 1699 ngridus,
611 1635 672 1678 rex
683 1610 1061 1689 Northanhumbrorum,
1072 1610 1373 1687 duxitinuxorem,

323 1737 400 1801 quaa
423 1716 515 1803 prius
531 1714 697 1781 Cedberto
721 1714 834 1780 comiti
859 1714 1057 1800 desponsata
1080 1712 1187 1790 fuerit
1203 1735 1277 1799 quae
1298 1712 1374 1778 licet

325 1818 377 1883 bis
391 1817 589 1905 desponsata
608 1823 644 1884 et
665 1818 708 1883 ad
726 1818 915 1905 amplexum
932 1817 1060 1904 jugiter
1080 1816 1263 1895 sollicitata,
1280 1816 1374 1902 virgo

325 1926 439 1986 tamen
462 1942 589 2007 semper
613 1920 744 1998 mansit,
761 1926 795 1986 et
819 1920 862 1985 ab
885 1919 1024 2007 ngrido
1038 1922 1191 2005 separata
1205 1918 1248 1984 ad
1264 1916 1372 2004 Elyg¹

326 2023 561 2089 monasterium
587 2045 621 2088 se
646 2022 829 2100 transtulit,
845 2028 879 2087 et
901 2020 1071 2087 abbatissa
1088 2022 1213 2100 effecta,
1237 2021 1375 2085 miracu-

327 2126 368 2191 lis
397 2131 545 2192 ccmscat
575 2124 733 2213 gloriosis.
779 2124 848 2190 Iste
872 2147 932 2190 rex
954 2125 1056 2189 Anna
1084 2125 1202 2211 genuit
1232 2129 1376 2210 quatuor

326 2230 420 2295 mirae
439 2230 629 2296 sanctitatis
651 2229 745 2304 filias,
771 2227 933 2306 videlicet,
963 2227 1177 2315 Sexburgam,
1201 2227 1377 2292 Ethelbur-

325 2355 411 2419 gam,
442 2330 683 2412 Etheldridam,
707 2336 741 2396 et
767 2330 1023 2419 Wythburgam.
1083 2331 1192 2397 Annae
1222 2331 1376 2396 successit

326 2435 547 2501 Etheltherus.
593 2434 657 2501 Oui
688 2433 922 2511 Ethelwaldus,
952 2433 1155 2521 Athulphus,
1187 2433 1377 2511 ElkwoduS,

327 2538 543 2619 ffisboernus,
569 2537 777 2615 Ethelredus,
801 2537 893 2625 cujus
917 2537 1005 2603 filius
1031 2537 1097 2602 fuit
1123 2542 1257 2602 sanctus
1280 2537 1376 2623 Egel-

327 2640 445 2719 bricus,
471 2647 632 2728 patronus
659 2639 910 2708 Heraiordensis
938 2640 1087 2706 ecclesiae.
1134 2640 1197 2706 Oui
1223 2640 1375 2705 successit

326 2750 459 2810 sanctus
489 2743 694 2822 Edmundus,
724 2743 782 2829 qui
812 2742 854 2809 ab
885 2741 1093 2829 nequissimis
1124 2741 1229 2807 Danis
1256 2742 1375 2829 Hyng-
1453 2824 1456 2830 .

330 2869 397 2914 war
420 2852 454 2914 et
481 2846 608 2912 Hubba
631 2846 867 2935 martyrizatus
893 2857 950 2912 est.
997 2846 1071 2927 Quo
1096 2846 1196 2911 etiam
1218 2851 1375 2933 tempore,
1388 2848 1505 2927 nursing
1519 2848 1548 2898 ⁰s

327 2950 527 3017 universitas
543 2949 790 3037 cantebriggiae
806 2948 978 3017 combusta
1002 2954 1062 3030 est,
1086 2970 1160 3034 quae
1183 2948 1247 3015 fuit
1271 2917 1546 3047 aedifi-ffffffiffi’

327 3060 401 3119 cata
425 3072 513 3118 anno
535 3075 556 3117 a
581 3052 697 3118 mundi
721 3052 885 3120 creatione
905 3056 1023 3139 quater
1048 3051 1182 3117 milleno
1208 3051 1376 3139 octingen-
1389 3050 1498 3128 ”wlff

328 3157 445 3222 tesimo
470 3154 722 3242 quintodecimo,
744 3177 765 3220 a
790 3154 963 3221 Kantebro
990 3153 1081 3233 duce,
1107 3159 1142 3220 et
1170 3154 1378 3241 frequentata
1389 3118 1460 3250 poaplyy
1490 3134 1522 3167 ιε’

329 3282 351 3325 a
379 3258 581 3346 philosophis
611 3264 689 3323 ante
721 3255 846 3324 Christi
884 3256 1155 3335 incarnationem,
1187 3279 1246 3343 per
1275 3280 1379 3324 annos

331 3366 495 3428 trecentos
530 3361 713 3449 nonaginta
748 3367 899 3450 quatuor,
924 3367 965 3426 ut
987 3360 1102 3427 scribit
1130 3360 1319 3427 Florentius
1342 3362 1378 3426 in

331 3464 490 3532 Florurio
512 3463 713 3543 nicostrati,
731 3465 816 3531 libro
837 3469 966 3552 quarto,
984 3463 1128 3552 capitulo
1151 3464 1379 3532 sextodecimo.

331 3566 378 3633 nt
407 3567 450 3634 ab
481 3567 647 3635 Edwardo
678 3567 800 3633 seniori
830 3568 1031 3633 reaedificata
1055 3589 1093 3634 ac
1117 3573 1277 3633 renovata
1305 3569 1379 3636 fuit.

332 3670 386 3737 Ex
416 3676 497 3737 tunc
527 3669 696 3736 desierunt
718 3670 754 3734 in
777 3670 901 3759 Anglia
923 3670 1088 3738 Orientali
1110 3671 1214 3758 Angli
1244 3694 1380 3760 regnare

331 3773 574 3860 quinquaginta
589 3773 704 3855 annis3
728 3774 895 3840 novennio
910 3774 999 3840 enim
1014 3773 1094 3839 sub'
1110 3774 1270 3862 regimine
1284 3798 1381 3865 paga-
1495 3781 1497 3788 '

331 3876 383 3944 nia
397 3876 609 3944 vastantibus
632 3876 803 3964 provincia
828 3876 1001 3962 subjacuit.
1047 3877 1166 3944 Postea
1188 3901 1267 3946 vero
1287 3880 1323 3944 in
1343 3904 1382 3946 ea

232 3992 239 4006 ·
332 3984 367 4046 et
397 3980 433 4045 in
463 3978 632 4058 Estsexea
664 3980 817 4061 Gutrum,
847 4002 908 4045 rex
946 3980 1071 4058 Dauus,
1102 3983 1253 4069 regnavit
1286 3983 1381 4047 annis

332 4082 513 4161 duodecim,
532 4088 680 4171 tempore
705 4083 791 4171 regis
807 4081 953 4150 Aluredi
1000 4082 1064 4150 Oui
1090 4085 1244 4151 successit
1269 4084 1474 4171 aeque³f·2b·

334 4185 457 4266 Dauus,
474 4186 607 4252 nomine
629 4185 755 4267 thrie
786 4186 852 4273 qui,
874 4208 948 4252 cum
979 4194 1147 4275 regnasset
1173 4188 1270 4254 annis
1300 4172 1553 4289 qua-{ffi‘fflof

332 4288 524 4367 tuordecim‚
539 4294 727 4376 peremptus
754 4296 805 4356 est
828 4288 871 4354 ab
888 4289 1018 4377 Anglis
1034 4313 1073 4357 eo
1088 4293 1176 4377 quod
1200 4291 1381 4357 inciviliter
1393 4307 1538 4358 chevanes.

332 4391 369 4457 in
400 4413 454 4457 eos
486 4392 613 4480 egisset.
659 4392 692 4456 N
695 4414 731 4457 ec
764 4397 876 4458 temen
909 4394 956 4458 eis
989 4393 1123 4461 libertas
1156 4396 1380 4476 assurrexerit,

334 4492 506 4560 Danorum
529 4494 704 4561 comitibus
727 4495 780 4560 vel
803 4518 858 4563 eos
881 4496 1128 4582 praeviantibus,
1145 4498 1199 4565 vel
1221 4499 1258 4564 in
1272 4499 1380 4566 Wost·

333 4619 495 4664 saxonum
534 4619 625 4685 reges
670 4598 874 4679 acuentibus,
914 4599 1016 4667 donoc
1061 4599 1254 4679 Edwardus
1293 4600 1381 4666 filius

334 4699 483 4779 Aluredi,
509 4699 620 4766 ambas
650 4701 847 4787 provincias,
871 4702 1017 4790 expulsis
1040 4702 1153 4784 Danis,
1176 4726 1235 4769 suo
1257 4703 1381 4769 scilicet

334 4802 581 4868 Weatasxonioo
612 4803 749 4890 imperio
782 4804 912 4890 adjecit,
952 4828 1040 4871 anno
1078 4812 1152 4892 post
1190 4806 1381 4871 occisionem

334 4906 441 4971 sancti
465 4905 633 4971 lldmundi
655 4907 933 4995 quinquagesimo,
960 4909 1054 4995 regni
1077 4931 1154 4975 vero
1177 4909 1228 4972 sui
1250 4907 1382 4992 quinto-

378 5031 564 5039 .--α-Η...-

371 5112 378 5141 ¹
391 5111 449 5176 uly.
906 5115 994 5178 'MS.,
1009 5132 1073 5181 eque.

373 5192 383 5220 ²
393 5189 459 5251 MS,
470 5207 519 5241 sue.
