3817 6450
588 1178 690 1226 uraca
712 1176 759 1224 uu
781 1174 887 1225 urna
1198 1155 1262 1227 175

347 1365 475 1430 viribus
499 1363 646 1428 devitare
675 1361 813 1441 mortis3
844 1360 988 1444 dumque
1011 1358 1140 1423 carnale
1162 1358 1264 1444 possi-
1284 1368 1424 1419 A.1).95a

348 1469 463 1533 demus
493 1464 739 1552 patrimonium,
763 1461 935 1548 spirituale
964 1466 1156 1527 exerceatur
1181 1482 1265 1525 mer-

1278 1447 1397 1499 Chartcrs
1408 1446 1438 1496 of

348 1568 534 1644 cimonium‚
558 1588 622 1652 quo
645 1566 735 1629 inter
757 1564 921 1650 angelicos
946 1564 1061 1628 choros
1083 1584 1266 1627 mereamur
1278 1514 1421 1631 globulum

347 1671 483 1757 adipisci
505 1669 636 1756 gaudia,
658 1668 728 1731 sine
754 1667 821 1731 fine
850 1688 1011 1731 mansura.
1058 1665 1266 1752 Quapropter

348 1794 407 1859 ego
438 1772 596 1857 Eadwyg‚
630 1770 702 1833 Rex
736 1768 928 1855 Anglorum,
961 1769 1106 1853 aliquam
1137 1773 1266 1853 partem

347 1874 433 1939 ruris
455 1874 529 1951 mei,
552 1873 587 1936 id
610 1877 667 1950 est,
692 1872 803 1936 decem
825 1892 962 1947 mansas,
985 1870 1022 1933 in
1044 1870 1114 1935 loco
1136 1870 1188 1933 cui
1211 1891 1265 1933 ru-

348 1976 457 2041 ricolae
487 1975 577 2039 illius
599 1979 696 2038 terrae
728 1973 789 2037 hoe
820 1994 940 2037 nomen
963 1972 1166 2049 indiderunt,
1189 1969 1266 2035 Bic-

348 2078 503 2161 irreptare,
540 2077 582 2140 ad
621 2075 858 2139 Monasterium
896 2074 1011 2139 Sancti
1048 2073 1139 2138 Petri
1177 2072 1266 2158 quod

348 2181 451 2245 situm
474 2178 582 2243 estin
605 2178 770 2241 Wentana
792 2177 937 2255 civitate,
954 2177 1105 2262 quodque
1128 2176 1268 2262 Anglica
1298 2196 1301 2202 ·

348 2281 566 2367 appellatione
595 2284 733 2344 vocatur
761 2277 814 2344 the
842 2278 974 2344 Nicaea
1005 2280 1168 2363 Myucter,
1191 2299 1266 2344 oum

349 2405 476 2448 summa
501 2381 711 2466 jucunditate
734 2381 973 2467 perpetualiter
995 2381 1079 2458 dedi,
1104 2386 1268 2465 quatenus
1280 2395 1324 2447 fot
1336 2400 1401 2446 250.

347 2484 544 2549 venerabilis
566 2483 656 2546 illius
678 2481 873 2547 Mouasterii
895 2483 1031 2562 familia,
1048 2482 1182 2568 ejusque
1196 2505 1267 2548 suo·

349 2608 511 2652 sessorum
533 2585 716 2671 posteritas,
741 2584 901 2670 quamdiu
925 2584 1196 2650 Christicolarum
1218 2607 1268 2650 re·

351 2688 472 2775 ligione
487 2688 557 2752 haec
572 2687 682 2751 insula
703 2686 920 2764 inhabitatur,
937 2687 980 2751 ad
994 2686 1266 2752 vestimentorum

352 2790 588 2855 adminiculum
624 2788 754 2868 habeat,
787 2810 825 2853 ac
858 2789 1032 2874 possideat,
1069 2789 1106 2852 in
1144 2793 1268 2854 aeterna

350 2892 551 2957 haereditate.
598 2890 734 2954 Maneat
757 2890 862 2976 igitur
883 2912 994 2955 meum
1016 2891 1077 2957 hoc
1099 2891 1268 2956 immobile

350 2994 482 3070 donum,
514 2999 639 3058 aeterua
668 2991 822 3057 libertate
848 2992 1042 3077 jucundum,
1067 3016 1142 3060 cum
1164 2994 1269 3059 omni-

350 3097 411 3161 bus
434 3117 506 3181 quae
529 3095 571 3158 ad
593 3095 699 3180 ipsum
715 3095 822 3159 locum
844 3097 1008 3181 pertinere
1023 3097 1269 3182 dignoscuntur,

351 3204 419 3264 tam
443 3199 478 3262 iu
502 3197 630 3283 magnis
653 3218 753 3283 quam
784 3196 820 3261 in
850 3196 988 3262 modicis
1009 3198 1115 3276 rebus,
1138 3196 1268 3282 campis,

350 3301 487 3388 pascuis,
511 3300 623 3386 pratis,
646 3298 771 3374 rivulis,
803 3298 904 3378 silvis,
935 3306 1072 3385 excepto
1103 3298 1268 3364 communi

351 3404 469 3482 labore,
508 3401 726 3487 expeditione,
774 3401 884 3485 pontis
922 3401 1048 3466 arcisve
1088 3399 1268 3466 reaedifica

352 3505 452 3570 tione.

396 3606 467 3670 Nos
489 3606 593 3691 igitur
615 3604 796 3692 supradicti
820 3604 934 3670 Sancti
961 3606 1053 3670 Petri
1077 3605 1435 3683 Monasteriiltcgrantby

351 3707 532 3783 coenobitae,
556 3729 631 3771 cum
653 3708 739 3793 regis
762 3729 920 3772 consensu
942 3729 1140 3793 suorumque
1162 3707 1268 3772 heroi·
1280 3682 1422 3815 {¹11}an

350 3833 470 3886 corum,
502 3831 629 3873 necnon
662 3815 775 3874 nostro
809 3811 976 3875 communi
1009 3811 1152 3889 consilio,
1183 3810 1344 3875 haneNew
1356 3817 1435 3866 Mina-

351 3912 573 3999 supradictam
589 3917 710 4005 terram
733 3912 865 3977 cuidam
887 3914 975 3998 regis
997 3913 1159 3991 ministre,
1182 3915 1269 3979 voci·
1279 3888 1380 4001 2¹1&

351 4021 423 4080 tato
454 4012 587 4077 nomine
622 4013 764 4089 AElfrico‚
797 4036 856 4099 pro
894 4014 1054 4100 petitione
1089 4015 1269 4080 amicorum

349 4139 490 4196 suorum,
515 4122 616 4200 atque
639 4115 708 4199 ejus
731 4115 886 4200 placabili
915 4138 1061 4196 munere,
1085 4118 1270 4203 quodcum

349 4219 467 4283 humili
479 4217 654 4282 devotione
666 4217 761 4281 nobis
772 4217 913 4303 largitus
926 4224 985 4295 est,
997 4218 1033 4284 id
1049 4224 1108 4297 est,
1121 4220 1164 4285 lx.
1178 4243 1270 4284 man-

351 4343 443 4386 cusas
459 4321 539 4400 auri,
564 4320 680 4384 diebus
695 4319 776 4384 vitae
799 4342 867 4384 suae
890 4320 1033 4386 libenter
1055 4323 1271 4399 concedimus,

350 4446 388 4488 eo
402 4430 524 4499 tenore,
540 4428 579 4485 ut
594 4444 668 4485 cum
681 4422 905 4486 dissolutionis
920 4444 989 4487 suae
1005 4423 1074 4488 dies
1089 4424 1270 4498 advenerit,

353 4547 420 4589 non
451 4524 602 4608 cuiquam
638 4545 704 4588 suae
739 4523 897 4609 prosapiae
924 4524 1029 4589 soboli
1052 4525 1268 4611 derelinquat,

353 4628 416 4704 sed,
441 4627 512 4690 sine
535 4627 645 4710 aliquo
669 4625 847 4705 obstaculo,
871 4629 945 4689 cum
969 4627 1122 4691 omnibus
1144 4627 1269 4691 utensi-

353 4729 449 4805 libus,
486 4727 681 4804 hominibus,
713 4727 839 4806 ovibus,
864 4729 1107 4813 pecoribusque,
1138 4728 1270 4791 Moma-

354 4830 436 4893 terio
461 4830 575 4893 Sancti
606 4829 703 4906 Petri,
735 4830 821 4892 siout
844 4831 1071 4914 supradictum
1106 4835 1164 4906 est,
1196 4829 1269 4892 dili-

353 4939 468 5018 genter
490 4933 652 4995 restituat.
700 4931 737 4994 Si
761 4931 834 5016 quis
857 4937 969 4995 autem
999 4931 1157 5016 reprobus
1180 4930 1270 4993 falsis

353 5034 658 5112 machinationibus,
673 5056 730 5118 pcr
745 5034 888 5117 aliquam
904 5034 1109 5118 scripturam,
1122 5038 1270 5097 nostrum
