3817 6450
731 1166 999 1217 inruonucrrou.
1286 1147 1393 1211 lxxxv

346 1367 362 1396 “
383 1360 536 1425 omnibus
565 1359 601 1425 in
631 1359 842 1426 contrarium.
898 1356 1070 1442 Synodum
1099 1354 1187 1419 enim
1219 1375 1277 1417 seu
1308 1353 1392 1419 Con-

346 1470 362 1497 “
383 1463 505 1538 cilium,
529 1463 569 1527 do
592 1485 656 1547 quo
679 1463 797 1547 agitur,
821 1461 871 1525 illi
895 1466 1050 1523 statuunt
1066 1460 1102 1523 in
1123 1458 1202 1523 AD.
1221 1453 1308 1534 9753
1332 1456 1394 1520 iste

346 1573 362 1600 “
383 1565 419 1628 in
443 1565 525 1629 AD.
542 1569 627 1645 968;
651 1566 702 1629 illi
724 1569 801 1651 post
826 1563 949 1648 Edgari
972 1567 1112 1626 mortem
1135 1562 1171 1624 in
1193 1560 1393 1646 interregno,

348 1675 363 1701 “
384 1667 446 1731 iste
461 1667 499 1731 in
513 1667 638 1755 Edgari
654 1668 726 1733 vita
748 1673 782 1731 et
795 1665 967 1752 septennio
983 1670 1055 1728 toto
1071 1670 1149 1728 ante
1164 1663 1234 1748 ejus
1258 1662 1393 1727 obitum.

349 1774 364 1802 “
386 1820 394 1833 .
417 1820 424 1833 .
447 1819 485 1833 ..
517 1770 731 1856 Deprompsit
765 1775 877 1833 autem
911 1767 1032 1830 author
1058 1765 1121 1830 iste
1157 1764 1396 1829 Wintoniensis

348 1876 365 1907 “
388 1872 452 1957 (uti
467 1874 596 1957 censeo)
619 1894 680 1936 sua
694 1873 764 1938 hsec
788 1872 828 1935 de
852 1870 1011 1934 miraculo
1037 1874 1080 1945 ,et
1096 1868 1259 1954 pleraque
1277 1867 1398 1947 alia,cx

349 1979 367 2010 “
389 1974 520 2039 Osberti
536 1975 694 2054 historia3
709 1975 776 2061 qui,
793 1973 937 2038 Baronio
953 1978 1046 2051 teste,
1062 1971 1123 2036 sub
1139 1970 1270 2056 Edgaro
1285 1972 1397 2057 potius

349 2077 518 2143 “videtur
540 2078 610 2143 haec
632 2078 760 2156 referre,
775 2078 853 2143 licet
875 2077 951 2141 huic
974 2097 1061 2141 anno
1077 2074 1188 2139 verius
1211 2073 1395 2151 tribuenda,

349 2188 367 2215 “
387 2181 457 2266 ipso
479 2182 580 2246 etiam
595 2187 759 2268 agnoscet.
805 2181 876 2266 Ego
899 2177 988 2245 certe
1012 2177 1147 2243 Osberti
1169 2177 1267 2241 istius
1287 2178 1395 2261 (quem

348 2289 549 2348 “nostrates
573 2284 760 2349 Osbemum
791 2288 880 2349 recto
912 2284 1047 2367 vocant)
1082 2281 1203 2345 librum
1225 2301 1397 2364 nunquam

350 2395 365 2420 “
389 2386 466 2465 vidi,
488 2387 546 2451 sed
579 2408 652 2471 quse
675 2386 736 2451 sub
761 2384 831 2471 ejus
863 2384 995 2449 nomine
1018 2406 1036 2448 e
1059 2383 1157 2448 Surio
1189 2382 1398 2467 transcripsit

351 2497 366 2521 “
388 2489 559 2566 Baronius,
574 2489 663 2574 apud
679 2488 786 2574 ipsum
801 2487 901 2552 hahes
917 2488 952 2550 in
968 2486 1151 2550 Annalium
1167 2492 1256 2549 tomo
1273 2485 1312 2549 X.
1329 2537 1335 2549 .
1359 2534 1366 2548 .
1391 2534 1397 2547 .

350 2600 366 2625 “
388 2591 446 2655 ubi
470 2598 504 2656 et
525 2589 694 2656 videas.’'¹
742 2592 811 2655 But
835 2591 889 2656 Sir
912 2587 1058 2672 chry's
1081 2588 1265 2672 conjecture
1288 2588 1316 2651 is
1338 2592 1399 2650 not

349 2692 448 2757 borne
471 2698 531 2757 out
556 2694 599 2779 by
615 2717 635 2757 a
653 2692 810 2758 collation
827 2692 864 2757 of
887 2691 1041 2766 Osbern's
1064 2694 1202 2755 account
1218 2689 1301 2755 with
1324 2689 1400 2753 that

350 2796 384 2859 in
406 2795 464 2859 the
487 2795 581 2861 Book
597 2796 634 2860 of
646 2795 755 2880 Hyde.

393 2897 534 2963 Michacl
550 2898 675 2975 Alford
691 2898 728 2961 in
744 2897 795 2962 his
810 2896 978 2961 elaborate
998 2896 1126 2981 history
1138 2894 1175 2959 of
1186 2895 1244 2959 the
1259 2894 1398 2981 English
1411 2911 1562 2975 Quotation

351 2998 480 3065 Church
504 3000 587 3063 from
611 3000 668 3064 the
691 3000 854 3065 accession
877 2999 914 3063 of
933 2999 1059 3084 Egbert
1081 3002 1116 3062 to
1139 2998 1196 3062 the
1220 2997 1397 3082 Conquest,
1411 2978 1567 3107 Jffl’ff

350 3100 487 3166 written
498 3101 712 3178 beforeltizitl,
724 3102 787 3167 but
799 3107 858 3166 not
869 3101 1045 3187 published
1057 3100 1144 3165 until
1158 3098 1400 3178 1603,-wl1en
1412 3114 1439 3161 in
1451 3112 1567 3162 Alforu's

349 3205 379 3270 it
406 3205 570 3291 appeared
595 3205 701 3270 under
728 3204 784 3270 the
813 3205 890 3270 title
915 3203 1019 3269 Fides
1046 3202 1154 3288 Regio
1180 3201 1400 3280 Britannico,
1416 3176 1522 3229 Annas.

350 3307 417 3373 sive
428 3307 586 3373 Annales
596 3307 748 3374 Ecclesia
757 3307 1137 3392 Applicitus-quotes
1149 3305 1216 3370 this
1228 3305 1299 3370 MS.
1310 3327 1400 3369 more

351 3410 432 3474 than
447 3409 538 3495 forty
553 3407 677 3475 times²
721 3410 785 3474 His
800 3410 874 3474 first
897 3411 1073 3494 quotation
1088 3410 1116 3474 is
1139 3408 1176 3473 of
1194 3408 1251 3473 the
1266 3430 1401 3494 passage

351 3511 458 3576 which
474 3511 590 3598 begins
615 3513 736 3577 “Nam
750 3511 920 3598 Alfrcdus
947 3511 1236 3598 eleemosynarnm
1257 3510 1401 3589 33333,”8

350 3614 416 3679 and
440 3614 469 3678 is
497 3614 576 3679 thus
597 3614 814 3680 introduced:
844 3616 988 3701 “Igitur
1010 3615 1192 3680 Wintoniae
1214 3613 1401 3679 coenobium

352 3726 370 3751 ‘⁴
392 3717 433 3780 ‹le
456 3737 544 3780 novo
567 3724 735 3783 exstruere
758 3725 794 3783 et
815 3740 891 3783 eum
908 3716 981 3804 [i.e.,
999 3717 1245 3802 Grimbaldum]
1267 3717 1336 3782 loco
1352 3717 1402 3781 illi

350 3825 368 3853 “
390 3817 556 3904 praeficere
572 3820 741 3906 cogitavit,
762 3821 818 3905 qui
843 3821 1034 3886 monasticae
1057 3820 1138 3885 vitae
1162 3818 1402 3905 perfectionem,

351 3926 369 3954 “
393 3926 427 3985 ct
442 3920 639 3986 humaniora
654 3923 775 4002 studia,
791 3945 865 3988 cum
889 3923 1054 4008 dignitate
1078 3926 1286 4009 promoveret
1303 3947 1312 4003 ;
1343 3943 1403 3986 nec

352 4023 500 4109 “aptior
533 4045 571 4089 eo
601 4046 746 4105 munere,
785 4024 988 4102 Grimboldo,
1020 4026 1079 4110 qui
1112 4024 1170 4088 diu
1197 4024 1232 4087 in
1262 4027 1402 4109 utraque

353 4132 371 4159 ‘⁸
395 4124 547 4210 palaestra
569 4131 728 4207 versatus,
745 4127 930 4214 Anglorum
953 4137 1089 4205 mentes,
1114 4148 1283 4212 moresque
1307 4126 1402 4192 docte

351 4235 369 4261 “
392 4227 531 4293 l‘ormare
554 4234 693 4314 poterat.
741 4230 822 4296 Haec
844 4231 957 4294 omnia
982 4229 1228 4296 Vr‘iatoca'easc‘s
1253 4229 1402 4294 Ooeaobe'a'

352 4336 370 4364 “
393 4329 552 4396 Anates
575 4331 731 4410 referunt,
759 4333 817 4397 ubi
850 4333 920 4398 haec
946 4332 1139 4409 habentur,”
1167 4331 1235 4397 elo.⁴
1280 4331 1401 4417 Again,

352 4432 548 4518 continuing
560 4432 617 4497 the
632 4456 722 4499 same
737 4435 874 4518 subject,
890 4435 931 4499 he
947 4436 1078 4500 writes:
1103 4444 1119 4468 “
1135 4434 1307 4499 Hactenus
1324 4433 1402 4497 Ful-

352 4542 371 4567 “
394 4535 483 4598 conis
500 4534 659 4621 Epistola,
675 4557 773 4620 quam
798 4558 815 4601 e
840 4536 1067 4623 Manuscripto
1084 4535 1203 4602 Codice
1220 4536 1401 4601 Annalium

390 4792 397 4822 ¹
414 4785 534 4847 Consilia,
546 4804 573 4838 as
585 4789 672 4846 above,
684 4793 741 4848 333,
754 4795 809 4838 333.
901 4796 958 4850 333,
971 4796 1028 4850 333,
1044 4796 1101 4849 333,
1119 4796 1176 4849 333,
1194 4796 1252 4849 333,
1270 4795 1327 4848 333,
1345 4793 1402 4847 333,

387 4865 506 4922 *suoru
527 4868 645 4926 Annales,
667 4868 721 4927 3ο,
747 4867 794 4926 iri,
814 4883 853 4931 pp.
900 4877 1026 4928 333-333,
1039 4876 1099 4928 333,
1117 4876 1174 4927 333,
1192 4875 1250 4929 oto,
1268 4873 1326 4928 333,
1344 4873 1401 4925 333,

356 4949 412 5001 333,
429 4950 482 5005 333,
497 4951 552 5006 333,
575 4953 628 5006 333,
649 4953 702 5007 333,
722 4952 778 5006 333,
796 4954 855 5007 sos,
901 4956 958 5009 333,
971 4957 1028 4999 333.

355 5031 413 5079 333,
426 5030 480 5082 soz,
497 5033 553 5085 333,
573 5032 630 5085 333,
648 5032 704 5084 333,
722 5032 780 5083 333,
798 5031 855 5085 333,
935 5032 944 5059 ³
959 5029 1034 5078 3333
1047 5029 1076 5077 ‹t›
1090 5027 1174 5088 13333,
1186 5044 1210 5091 p.
1224 5033 1262 5075 33.

355 5109 413 5162 ass,
425 5108 481 5162 333,
498 5110 555 5165 333,
573 5111 630 5167 333,
648 5111 705 5163 333,
723 5111 780 5166 333,
798 5113 855 5167 333,
935 5109 1055 5168 ⁴h1s0ro,
1068 5125 1094 5157 as
1106 5109 1194 5167 above,
1207 5106 1252 5166 33,
1265 5111 1317 5155 rol.
