3817 6450
723 1197 825 1249 alana
849 1201 895 1248 na
918 1199 1026 1247 aros.
1356 1187 1398 1251 37

349 1389 367 1411 “
386 1386 456 1443 facti
476 1403 579 1443 sumus
597 1386 732 1452 humiles,
753 1388 900 1452 mortales,
921 1386 1036 1459 impleti
1055 1386 1219 1449 timoribus,
1240 1386 1397 1448 erroribus,
1412 1386 1481 1438 Ab.
1493 1389 1566 1438 88⁵?

349 1472 367 1495 ‘¹
387 1472 493 1527 merito
510 1471 642 1543 peccati,
662 1489 729 1527 cum
748 1490 805 1544 quo
824 1472 937 1537 meritc,
959 1477 1143 1541 atcumque
1161 1470 1399 1533 reatu,nascitur

349 1557 367 1579 “
386 1556 480 1611 omnis
502 1556 597 1612 homo.
637 1555 789 1627 Siquidem
810 1557 932 1613 Creator
953 1556 1143 1627 Omnipotens
1162 1555 1274 1610 creavit
1292 1555 1397 1620 omnia,
1413 1562 1537 1623 Οιειιιίοιι,

348 1642 367 1664 “
386 1639 547 1696 invisibilia
577 1646 667 1712 atque
680 1690 684 1693 .
697 1641 835 1696 visibilia.
891 1640 1067 1705 Invisibilia,
1100 1640 1177 1694 sicut
1206 1647 1274 1695 sunt
1303 1639 1397 1705 sedes,
1412 1638 1507 1687 nature,

346 1725 364 1747 “
383 1722 609 1790 dominationes,
631 1725 809 1796 archangeli,
823 1732 854 1781 et
874 1726 985 1796 angeli,
1006 1725 1066 1795 qui,
1087 1724 1113 1779 si
1131 1724 1204 1779 bene
1222 1724 1396 1801 vixerimus,
1411 1697 1518 1814 {iffi

347 1809 366 1833 “
385 1814 472 1863 amnt
490 1809 570 1864 cives
589 1809 692 1865 nostri.
730 1808 814 1865 Fecit
833 1816 931 1865 autem
953 1809 1093 1873 visibilia,
1114 1809 1226 1865 scilicet
1247 1810 1348 1875 solem,
1369 1816 1399 1866 et
1508 1803 1513 1814 '

350 1895 368 1917 ¹‘
387 1892 497 1959 lunam,
512 1899 542 1949 et
554 1893 668 1957 stellas,
688 1900 717 1949 et
729 1895 902 1950 animalibus
914 1893 1105 1949 terrestribus
1124 1893 1260 1964 implevit
1276 1900 1395 1950 terram.

348 1980 366 2002 “
384 1976 470 2033 llecit
488 1985 519 2035 ct
536 1996 589 2034 nes
611 1979 742 2035 homines
755 1980 786 2034 in
797 1986 903 2044 mente,
918 1979 956 2034 ad
969 1996 1052 2034 suam
1069 1979 1228 2050 imaginem
1247 1984 1277 2034 et
1295 1980 1397 2035 simili-

348 2065 365 2087 “
385 2061 528 2119 tudinem.
565 2063 605 2119 Et
624 2062 689 2118 ideo
706 2082 758 2120 nos
776 2065 842 2136 ipsi,
863 2065 1057 2136 nosmetipsos
1076 2063 1321 2135 comprehendere
1340 2082 1397 2119 non

348 2151 366 2172 “
385 2164 558 2219 possumus:
589 2149 725 2220 quoniam
753 2149 824 2204 inibi
850 2150 887 2204 ad
911 2150 1071 2220 imaginem
1097 2148 1154 2203 Dei
1184 2149 1253 2205 facti
1284 2169 1394 2205 sumus.

346 2234 363 2256 ‘¹
384 2229 451 2295 Sed,
464 2232 539 2302 proh
555 2231 656 2287 dolor!
670 2250 723 2303 pro
741 2233 823 2288 vobis
841 2234 951 2305 populi,
971 2234 1022 2303 qui
1035 2234 1098 2288 Deo
1116 2233 1281 2290 consimiles
1299 2242 1396 2289 mente

348 2317 365 2340 ‘⁴
385 2316 467 2381 estis,
488 2315 540 2372 sed
565 2334 667 2371 rerum
685 2317 852 2372 infimarum
873 2318 1065 2374 deliramenta
1082 2318 1224 2389 captatis;
1250 2323 1281 2373 et
1305 2318 1396 2390 impe·

348 2401 366 2424 ‘⁶
385 2407 478 2464 rante,
499 2400 680 2471 florenteque
704 2402 844 2472 nequitia,
870 2402 1041 2458 nouaclum
1064 2402 1195 2457 nolentes
1214 2402 1393 2466 benefacere,

348 2487 366 2509 ‘⁴
384 2484 516 2555 praemiis
538 2486 657 2551 caretis,
671 2504 774 2541 verum
789 2488 878 2542 etiam
894 2487 1006 2541 scelera
1023 2492 1053 2541 et
1070 2487 1162 2558 impia
1179 2488 1256 2542 facta
1274 2504 1395 2559 sequen·

348 2571 365 2593 ¹‘
383 2575 437 2633 tes,
462 2575 493 2624 et
511 2575 663 2641 operantes
673 2592 682 2634 3
695 2576 731 2633 ,et
752 2589 770 2626 a
787 2571 862 2626 bono
881 2570 958 2643 quod
979 2571 1180 2642 promiseratis
1201 2572 1231 2625 in
1248 2571 1394 2643 baptismo

348 2655 365 2677 “
384 2651 545 2718 deviantes,
569 2654 718 2725 ignoratis,
743 2662 881 2725 quantem
902 2655 1050 2726 injuriam,
1069 2661 1167 2711 vestro
1186 2654 1336 2710 Conditori
1354 2656 1393 2709 ir·

348 2738 366 2763 ‘⁴
385 2738 506 2808 rogatis,
526 2755 580 2809 pro
601 2738 708 2809 quibus
728 2739 891 2794 efficiemini
916 2739 1041 2811 reprobi.
1077 2740 1155 2796 Nam
1179 2757 1247 2795 cum
1265 2740 1340 2795 bona
1363 2747 1394 2796 et

348 2824 366 2847 “
384 2822 460 2876 mala
491 2822 548 2877 sibi
577 2823 724 2878 contraria
751 2824 818 2887 sint,
844 2822 996 2879 ostendere
1021 2841 1175 2895 possumus
1199 2824 1292 2889 vobis,
1325 2826 1394 2896 quia

350 2909 367 2932 ‘⁶
385 2906 461 2961 bona
478 2924 567 2977 opera
585 2908 709 2972 salvant,
730 2913 760 2962 et
777 2908 855 2962 mala
875 2908 1018 2980 perdunt;
1044 2914 1074 2964 ct
1092 2909 1118 2963 si
1136 2909 1248 2964 clarum
1265 2910 1394 2965 firmum·

350 2993 367 3016 ¹⁸
385 3009 441 3061 que
461 2991 552 3047 fuerit
569 2991 687 3056 bonum,
713 2991 866 3064 apparebit
889 2993 960 3047 mali
984 2992 1129 3063 fragilitas
1149 3000 1179 3048 et
1196 2993 1391 3049 imbecillitas.

349 3076 366 3099 ‘⁸
385 3073 525 3144 Quoniam
538 3075 564 3131 'si
577 3076 778 3132 excellentiam
790 3083 897 3131 nostrae
909 3082 1022 3132 naturae
1043 3094 1128 3132 nosse
1147 3076 1304 3143 desieritis,
1318 3078 1396 3132 infra

350 3158 491 3215 “bestias
512 3159 603 3215 eritis.
649 3159 762 3232 Quippe
781 3160 838 3216 duo
856 3160 974 3216 suntin
991 3177 1166 3233 unoquoque
1184 3167 1326 3227 nostrum,
1345 3180 1400 3217 vo-.

350 3247 367 3271 “
386 3243 481 3301 luntas
500 3251 531 3300 et
542 3253 688 3317 potestas3
707 3246 861 3318 inquibus
880 3245 974 3301 omnis
996 3251 1094 3301 noster
1113 3246 1247 3300 consistit
1264 3245 1394 3302 effectus.

382 3332 400 3356 ‘⁴
419 3330 458 3384 llt
476 3330 612 3402 quoniam
637 3330 763 3385 humana
781 3337 886 3385 natura
909 3329 964 3385 hoc
985 3329 1073 3384 habet
1092 3333 1159 3401 post
1179 3327 1284 3392 Deum,
1306 3334 1340 3384 ut
1360 3329 1398 3384 ad

349 3417 366 3439 '‘
385 3414 491 3470 bonum
509 3415 664 3487 pervenire
683 3413 803 3479 nitatur,
823 3421 854 3469 et
870 3415 997 3470 terrenis
1016 3413 1149 3469 omnibus
1171 3413 1310 3478 excellat3
1330 3413 1397 3468 idco

349 3502 365 3524 “
384 3499 454 3554 mali
472 3500 614 3563 homines,
635 3505 664 3554 et
682 3499 869 3564 fraudulenti,
890 3505 920 3554 et
937 3498 1047 3570 cupidi,
1067 3504 1270 3569 permanentes
1288 3498 1319 3552 in
1337 3516 1397 3553 ma·

349 3587 365 3608 “
386 3584 460 3648 litia,
481 3584 638 3640 humanam
659 3585 797 3640 amittunt
813 3590 958 3646 naturam,
982 3589 1012 3638 et
1030 3586 1186 3638 transeunt
1205 3582 1236 3636 in
1259 3582 1393 3637 ferinam.

350 3672 366 3693 '⁶
385 3667 424 3723 Et
454 3669 590 3739 quoniam
620 3674 719 3724 teuent
741 3667 917 3739 principales
948 3671 978 3721 et
1008 3666 1166 3739 originales
1196 3666 1242 3721 bis
1272 3673 1397 3738 quatuor
1410 3682 1546 3737 Thevjcoe

349 3755 366 3777 ‘⁸
386 3752 495 3817 sordes,
521 3751 630 3808 idcirco
650 3751 725 3807 nihil
744 3755 884 3806 vocantur
904 3750 989 3816 tales,
1010 3751 1080 3822 quia
1104 3758 1172 3807 sunt
1196 3751 1234 3806 ad
1257 3751 1394 3818 nihilum,
1409 3751 1520 3830 vhiaha

349 3839 366 3861 “
385 3836 439 3892 hoc
466 3841 520 3900 est,
542 3836 579 3891 ad
602 3836 712 3890 malum
735 3834 896 3891 tendentes.
941 3835 990 3899 Et,
1017 3853 1033 3890 e
1058 3836 1212 3901 conhario,
1240 3841 1308 3891 sunt
1331 3843 1396 3892 octo
1410 3817 1537 3870 cmm

349 3923 364 3945 ‘¹
384 3920 559 3992 principales
577 3920 701 3976 virtutes
723 3937 787 3991 qua
809 3936 861 3975 nos
885 3926 1004 3974 movent
1024 3920 1062 3974 ad
1080 3921 1298 3992 inquisitionem
1322 3940 1397 3977 sem·
1409 3894 1512 4017 ἓξὲξ

348 4007 364 4028 “
383 4005 504 4075 piternae
524 4005 626 4075 gloria
646 4003 793 4068 festinare,
814 4009 845 4058 et
857 4003 1003 4059 sulfureas
1017 4002 1163 4060 (lehem
1182 4006 1314 4061 flammas
1336 4023 1394 4061 non
1409 4018 1546 4078 ahmans

349 4088 551 4143 “formidare
603 4088 635 4144 Si
659 4089 737 4143 enim
762 4088 886 4153 dolores,
920 4088 970 4158 qui
995 4087 1081 4143 hodie
1106 4089 1247 4156 oriuntur,
1275 4097 1304 4146 et
1328 4109 1394 4146 cras
1408 4085 1557 4163 thevirtues

349 4176 366 4198 ‘¹
386 4173 534 4237 liniuntur,
562 4179 631 4228 sunt
655 4181 715 4227 tam
741 4172 808 4227 duri
836 4179 866 4227 et
890 4172 971 4236 sevi,
998 4176 1031 4226 ut
1054 4173 1105 4227 vix
1128 4174 1242 4244 possint
1266 4174 1392 4240 sufferri,
1407 4151 1536 4203 'wilh‘

349 4260 366 4282 ‘⁴
386 4275 472 4328 quam
497 4275 602 4328 graves
626 4258 736 4328 putatis
748 4257 815 4310 illas
840 4273 903 4310 esse
926 4273 991 4326 quae
1013 4255 1056 4310 sic
1074 4257 1226 4330 incipiunt,
1259 4264 1293 4314 ut
1316 4276 1393 4314 cres·
1408 4231 1449 4283 s⁰¹·
1462 4237 1477 4282 ⁶
1490 4247 1513 4282 ⁰·

349 4345 452 4396 “cant
475 4339 621 4412 quetidie;
648 4341 699 4396 tali
725 4347 809 4412 pacto
835 4346 955 4396 sumunt
977 4340 1200 4408 inchoationem,
1221 4350 1255 4398 ut
1278 4345 1394 4399 omnino
1408 4318 1563 4443 ffffiycul,

351 4429 369 4451 '¹
388 4442 443 4481 uon
467 4425 593 4481 habeant
610 4423 718 4480 tinem?
755 4423 890 4488 Proinde,
916 4425 1072 4497 imprimis,
1092 4428 1208 4482 omnino
1232 4433 1278 4482 est
1301 4436 1394 4483 metu·
1408 4445 1494 4495 tima,

350 4515 368 4536 ‘¹
388 4510 461 4566 enda
491 4517 521 4566 et
551 4508 679 4565 cavenda
709 4509 853 4580 superbia,
886 4509 957 4580 quia
982 4508 1018 4563 ab
1048 4509 1101 4564 illa
1128 4511 1254 4582 sumpsit
1278 4511 1395 4566 initium

351 4599 368 4620 ‘·
388 4595 480 4650 omnis
493 4595 615 4666 peccati,
631 4593 707 4649 sicut
720 4593 861 4665 scriptum
874 4599 935 4648 est:
949 4592 1091 4649 ‘Iaitirea
1102 4595 1191 4650 matis
1204 4595 1308 4665 peccati
1322 4592 1393 4666 [est]

351 4683 368 4703 ‘⁰
391 4676 580 4749 ‘saperbio.'¹
607 4677 645 4732 Et
658 4677 793 4747 quoniam
808 4676 941 4732 diabolus
961 4684 1007 4733 est
1023 4679 1176 4750 superbus,
1191 4678 1326 4734 Christus
1346 4698 1396 4734 au·

352 4768 369 4787 ⁶·
388 4768 452 4830 tem
467 4762 588 4817 humilis
610 4769 640 4816 et
665 4762 847 4827 mitissimus,
874 4761 1008 4834 deponite
1035 4763 1210 4834 superbiam,
1233 4780 1286 4834 per
1307 4780 1395 4832 quam

351 4850 368 4872 ‘⁶
391 4845 522 4902 diabolus
551 4845 665 4910 cecidit,
691 4863 726 4900 ne
753 4863 805 4902 vos
827 4847 941 4903 occulta
959 4848 1155 4918 temptatione,
1182 4853 1212 4902 et
1235 4864 1288 4917 pro
1311 4846 1395 4901 bonis

417 5024 740 5033 νο-....”μ-,-.ι-ᾲ-..
757 5027 772 5032 ,«
791 5025 883 5034 ,Λα-...φ
948 5029 1012 5035 --...
1033 5026 1178 5035 ..a-...us-

714 5165 719 5198 ¹
734 5165 934 5226 Ecclesiasticus,
947 5183 972 5217 x.
989 5171 1026 5215 15.
