3817 6450
784 1140 967 1190 Arruuorx.
1333 1129 1397 1191 305

351 1323 535 1388 Willeimus
552 1333 586 1390 et
602 1324 765 1391 Robertus
782 1327 822 1391 de
838 1329 997 1408 Belesma‚
1022 1332 1056 1392 et
1071 1349 1146 1392 eum
1161 1326 1208 1391 eis
1223 1327 1397 1414 imprimis,

351 1427 517 1506 uterium,
546 1427 731 1493 Willelmus
762 1429 803 1494 de
831 1429 1022 1511 Warennia,
1050 1452 1106 1516 spe
1136 1435 1235 1494 tenus
1265 1429 1398 1514 quidem

350 1550 461 1614 regem
489 1529 670 1595 Henricum
704 1532 935 1617 sequebantur,
964 1533 1073 1597 animo
1099 1537 1211 1598 autem
1234 1532 1332 1618 longe
1355 1532 1398 1595 ab

351 1652 388 1694 eo
411 1631 649 1697 alienabantur.
706 1634 826 1719 ltaque
856 1657 918 1699 rex
949 1621 1113 1699 Henricus
1135 1635 1340 1699 confortatus
1362 1634 1398 1697 in
1410 1657 1529 1711 Restare-

351 1754 451 1820 regno
476 1735 566 1799 inter
592 1740 709 1800 caetera
733 1737 827 1802 bonae
857 1737 935 1801 fidei
963 1758 1060 1823 opera
1090 1736 1259 1801 dominum
1282 1724 1502 1841 Ausci-Q>f

351 1855 440 1898 mum
459 1837 737 1923 arehiepiscopum
762 1839 804 1902 ab
828 1839 927 1903 exilio
948 1843 1178 1919 revertentem,
1194 1861 1269 1905 cum
1291 1838 1397 1903 multo
1409 1821 1499 1923 bishop

351 1936 471 2003 honore
499 1941 647 2025 suscepit,
671 1947 799 2004 etcum
824 1941 937 2006 debita
959 1942 1142 2006 reverentia
1163 1941 1305 2027 propriae
1328 1941 1397 2005 sedi
1410 1925 1523 1979 mm·

350 2040 506 2107 restituit.
554 2042 743 2107 Convocato
782 2049 894 2107 autem
941 2044 1031 2130 apud
1073 2044 1280 2108 Londoniam
1311 2042 1396 2108 Oen·
1409 2062 1536 2130 marriage

351 2142 434 2223 cilio,
465 2145 608 2229 ejusdem
639 2146 805 2210 antistitis
827 2146 965 2211 consilio
992 2150 1026 2210 et
1052 2146 1240 2233 principum
1262 2167 1397 2211 suorum
1409 2130 1554 2249 fflffi

350 2247 474 2332 accepit
505 2269 642 2312 uxorem
677 2248 844 2312 dominam
874 2249 1057 2325 Matildcm‚
1089 2248 1275 2313 Alexandri
1311 2237 1563 2336 regisesterwards'

351 2346 538 2413 Scottorum
561 2372 711 2427 sororem,
735 2350 838 2414 filiam
861 2372 939 2415 vero
964 2350 1130 2415 Malcolmi
1152 2350 1238 2436 regis
1253 2354 1287 2415 et
1310 2330 1524 2455 Mar'lllldlea
1537 2399 1567 2447 of

349 2454 480 2533 gmetae,
505 2474 587 2536 quae,
618 2475 693 2517 eum
723 2476 766 2518 ex
797 2458 937 2538 utraque
967 2458 1062 2538 parte
1093 2453 1184 2538 regio
1214 2456 1300 2516 esset
1323 2474 1396 2515 san·
1410 2462 1538 2514 Seotlend.
1596 2458 1599 2462 ’

349 2553 448 2636 guina
472 2553 631 2630 decorata,
658 2556 766 2619 multa
789 2561 900 2619 tamen
926 2553 1045 2639 majori
1077 2553 1198 2618 mentis
1221 2553 1395 2617 nobilitate
1408 2565 1463 2615 Her

349 2656 437 2739 apud
452 2656 631 2720 Dominum
648 2664 682 2721 et
694 2658 841 2721 homines
856 2656 973 2721 extitit
996 2660 1121 2720 ornata.
1159 2654 1194 2719 N
1195 2677 1248 2718 am
1263 2676 1339 2719 eum
1353 2654 1396 2718 ab
1408 2632 1550 2694 ⁰¹¹⁸¹³⁰¹⁹²³

351 2755 495 2821 infantia
517 2764 590 2823 teta
614 2760 757 2824 Domine
790 2759 891 2823 fuerit
922 2759 1053 2853 devota,
1086 2758 1214 2844 regium
1248 2762 1397 2822 assecuta

350 2858 473 2944 apicem
511 2867 607 2925 tento
638 2863 738 2948 coepit
768 2884 837 2926 esse
872 2860 1032 2938 devotior,
1065 2865 1105 2924 ut
1139 2859 1231 2923 nulla
1265 2882 1323 2924 suo
1359 2860 1396 2940 in

350 2966 496 3047 tempore
511 2964 615 3049 possit
630 2965 660 3027 ei
676 2964 814 3027 foemina
836 2963 1028 3049 comparari,
1051 2962 1118 3026 fuit
1133 2963 1222 3027 enim
1237 2962 1395 3048 quamdiu

349 3062 437 3126 vixit
458 3065 562 3150 gloria
585 3066 828 3143 monachorum,
863 3065 969 3130 honor
1003 3065 1203 3141 clericorum,
1230 3064 1394 3149 refugium

348 3186 538 3251 pauperum,
561 3168 739 3234 consolatio
763 3169 965 3245 miserorum,
982 3171 1016 3232 et
1048 3166 1201 3231 omnibus
1223 3166 1266 3230 ad
1290 3187 1323 3230 se
1344 3164 1395 3229 fu·

348 3269 515 3353 gientibus
547 3273 582 3334 in
621 3293 719 3356 quam
758 3271 851 3336 licuit
888 3270 1004 3334 salutis
1041 3269 1237 3355 praesidium.
1293 3267 1396 3353 Cujus

350 3372 475 3436 meritis
509 3379 639 3438 constat
673 3396 782 3460 regem
818 3372 1002 3438 Henricum
1027 3392 1179 3458 regnasse
1201 3375 1236 3435 et
1257 3392 1394 3456 regnum

350 3472 696 3561 Norman-Anglorum
731 3475 962 3561 multiplieiter
986 3473 1176 3540 excrevisse.
1223 3470 1395 3557 Siquidem
1502 3555 1504 3557 ι

350 3574 451 3660 ipsius
467 3579 552 3663 regis
567 3579 692 3643 inimici
703 3601 778 3643 eum
789 3578 896 3642 multa
910 3576 1098 3642 reverentia
1113 3597 1185 3639 eam
1201 3573 1395 3640 excolebant

351 3684 384 3741 et
415 3680 593 3744 studiosius
625 3681 788 3746 offendere
810 3679 980 3745 cavebant.
1027 3678 1180 3765 Suscepit
1201 3683 1312 3742 autem
1336 3699 1395 3742 rex
1408 3683 1457 3761 ane

351 3779 515 3846 Henricus
539 3783 578 3847 de
602 3806 641 3848 ea
662 3783 768 3847 filium
801 3782 963 3848 vocabulo
999 3781 1212 3860 Willelmum,
1236 3789 1270 3845 et
1293 3750 1529 3843 filiamehrldren.

351 3904 449 3946 unam
473 3907 570 3970 quam
605 3886 749 3951 Henrieo
783 3885 975 3971 imperatori
998 3885 1257 3949 Alamannorum
1280 3880 1396 3947 matri·

351 3985 459 4050 monio
475 3989 649 4074 copulavit.
697 3988 806 4074 Igitur
819 3988 987 4052 Robertus
1001 4007 1108 4051 cemes
1123 3984 1252 4050 rediens
1267 4007 1287 4049 a
1301 3984 1324 4049 J
1327 4007 1396 4049 ero-

350 4087 472 4166 solima,
489 4112 563 4154 cum
578 4091 685 4154 adhue
707 4091 804 4176 longe
826 4091 957 4176 positus
979 4088 1102 4152 famam
1125 4088 1166 4152 de
1182 4091 1294 4160 ,morte
1309 4087 1395 4173 regis

350 4187 507 4254 Willelmi
542 4192 653 4257 fratris
687 4194 737 4257 sui
777 4192 916 4267 audiret,
954 4189 1150 4255 acceleravit
1184 4188 1249 4253 iter
1285 4189 1395 4253 venit-

350 4314 412 4375 que
436 4293 674 4359 Normarmiam
697 4317 830 4382 sperans
854 4315 993 4379 regnum
1016 4292 1213 4357 omnimodis
1236 4291 1394 4356 obtinere.
1406 4299 1450 4349 sol.
1465 4301 1530 4350 rra

350 4394 497 4479 Cumque
530 4398 636 4461 missis
668 4397 795 4462 nuntiis
827 4395 1011 4461 Henrieum
1044 4394 1179 4460 fratrem
1202 4416 1299 4458 suum
1320 4394 1393 4479 pul-
1406 4382 1560 4513 ssffiffi

349 4503 436 4560 seret
469 4504 508 4562 ut
541 4522 678 4586 regnum
714 4499 827 4564 debito
858 4498 982 4564 honore
1014 4502 1049 4562 et
1081 4519 1159 4583 pace
1182 4496 1212 4561 ei
1234 4495 1394 4571 redderet,
1406 4515 1545 4577 ceneten,

350 4599 466 4684 illeque
492 4603 572 4666 totis
597 4604 722 4666 viribus
745 4601 991 4676 contradiceret,
1015 4599 1178 4665 conducta
1200 4597 1299 4662 classe
1322 4581 1551 4716 An-ssgffldy

348 4703 448 4788 gliam
487 4706 627 4769 festinus
659 4705 801 4768 advenit.
849 4702 911 4769 Oui
935 4703 1076 4768 occurrit
1106 4701 1271 4766 Henricus
1305 4701 1393 4785 apud
1552 4689 1559 4702 ⁸

349 4805 552 4871 Wintoniam
588 4830 661 4872 cum
685 4807 831 4870 exercitu
854 4805 992 4892 copioso,
1015 4804 1188 4889 factusque
1210 4806 1261 4867 est
1284 4806 1393 4866 motus

349 4929 487 4994 magnus
510 4917 543 4974 et
565 4911 665 4975 timor
698 4932 755 4995 per
784 4909 972 4973 universam
1006 4907 1171 4994 Angliam,
1195 4903 1392 4990 quibusdam

348 5012 551 5097 principibus
574 5013 664 5098 turpi
688 5011 897 5076 simulatione
920 5017 954 5076 et
977 5010 1066 5075 foeda
1091 5007 1278 5107 adulatione
1304 5029 1392 5072 nune

1233 5125 1257 5172 U
