3817 6450
702 1190 804 1237 mann
826 1188 873 1235 nn
895 1185 1001 1234 nsua
1315 1169 1378 1230 145

332 1408 561 1494 Pravilcptara
583 1407 622 1471 cle
644 1406 784 1489 Bosyap
806 1424 829 1469 o
851 1424 925 1488 repe
941 1401 1135 1479 Eflmuaolo,
1154 1401 1270 1487 scutra
1291 1400 1380 1486 repis
1405 1420 1539 1470 nuces.
1595 1482 1599 1491 Ι

638 1505 840 1584 Attenuat,
863 1527 1063 1571 concessura.

508 1645 661 1709 Summus
691 1647 725 1706 et
751 1640 927 1706 ineffabilis
957 1663 1016 1704 ren
1038 1662 1076 1705 ac
1099 1661 1229 1725 semper
1251 1639 1513 1724 magni-f01·21b·

462 1749 541 1811 ficus
553 1745 773 1830 triumphator
785 1742 914 1807 oraculo
929 1765 989 1807 nos
1004 1743 1157 1808 hortatur
1173 1742 1378 1808 Salomonico
1391 1722 1515 1838 {gfff

461 1855 560 1934 atque
575 1846 683 1912 divini
704 1845 927 1932 inspiraminis
949 1845 1067 1923 dicens,
1092 1846 1261 1932 “Beccefoc
1277 1847 1377 1933 justo,
1392 1856 1525 1921 Basingto

465 1959 481 1984 “
504 1957 534 2015 ct
578 1947 734 2014 tacentes
780 1945 1038 2012 retributionem
1084 1969 1249 2033 usupaom
1260 1974 1274 2028 ;
1317 1950 1379 2015 atat
1393 1921 1539 1981 memh’

465 2061 483 2087 “
505 2074 578 2117 aoa
600 2050 640 2115 ab
663 2050 747 2136 ipso,
770 2055 851 2114 carte
873 2071 896 2114 o
918 2049 1033 2115 Deo.’'¹
1082 2050 1127 2115 Et
1152 2051 1273 2116 iterum
1291 2074 1381 2139 egre·

1392 2004 1407 2037 a
1418 1989 1502 2052 pricst

464 2155 537 2241 gius
567 2152 762 2239 praedicator
784 2150 915 2228 Paulus,
937 2156 972 2215 et
994 2152 1165 2238 apostolici
1195 2155 1381 2220 certaminis

464 2256 674 2335 conluctator,
705 2254 764 2331 ait,
788 2254 910 2338 “Erpo,
934 2253 1020 2318 dum
1049 2260 1183 2342 tempus
1212 2254 1379 2334 hammus,

466 2365 683 2443 “operemur
713 2355 839 2422 bonum
861 2355 908 2421 od
934 2377 1057 2434 orasses,
1088 2356 1238 2423 caumate
1268 2365 1381 2424 cutem

466 2467 484 2496 “
506 2460 553 2525 od
576 2450 768 2549 domesticos
785 2456 924 2543 fidet.'’²
970 2457 1178 2545 Quapropter
1212 2481 1272 2542 ego
1309 2460 1377 2525 Ed-

337 2631 339 2637 <
464 2562 645 2648 mund[us],
671 2560 788 2626 divina
809 2560 871 2625 Dei
893 2559 1051 2625 fulciente
1068 2561 1286 2646 gratiuncula,
1308 2583 1376 2639 rex,

466 2666 633 2749 totiusque
663 2661 816 2727 Albionis
846 2661 1061 2748 primicerius,
1087 2663 1106 2727 l
1133 2668 1278 2749 emptam
1308 2664 1382 2728 auri

467 2765 581 2830 solidis
603 2765 728 2851 proprii
761 2757 847 2828 iuris
880 2763 1121 2850 aliquantulam
1155 2770 1253 2832 terrae
1276 2767 1380 2853 parti-

467 2868 629 2944 unculam,
661 2867 722 2931 hoc
766 2870 824 2942 est,
854 2865 1059 2930 mansionem
1092 2869 1306 2933 monasticam
1340 2869 1384 2934 ad

467 2970 668 3055 Basyngum,
692 2990 767 3054 quae
789 2972 902 3032 nostro
925 2967 1049 3033 dicitur
1071 2969 1192 3036 famine
1214 2970 1387 3057 Opaaa'pce

430 3075 432 3079 ’
467 3069 544 3136 hors
560 3070 657 3148 croht,
673 3076 708 3135 et
729 3071 810 3135 duos
833 3074 982 3148 cassatos
997 3093 1071 3136 cum
1093 3074 1278 3158 pertinente
1299 3074 1385 3139 silva
1423 3118 1433 3137 .

469 3174 505 3238 in
528 3195 673 3260 acrycge,
688 3174 725 3237 in
746 3172 817 3238 loco
839 3170 898 3257 qui
917 3170 1038 3237 dicitur
1051 3172 1197 3260 La'ccpyt,
1220 3176 1288 3240 suis
1310 3197 1385 3242 curn
1485 3194 1491 3208 ’

412 3330 416 3339 .
470 3276 660 3340 certissimis
683 3273 858 3341 territoriis
881 3274 1061 3360 personisve,
1076 3274 1281 3361 abantiquis
1303 3282 1385 3342 tem·

471 3378 603 3464 poribus
624 3377 868 3464 pertinentibus
890 3375 934 3440 ad
957 3377 1111 3442 Beomnit
1132 3376 1221 3442 felda
1242 3384 1277 3445 et
1300 3379 1386 3443 Mid-

471 3480 636 3557 desellum,
669 3480 711 3544 ob
745 3480 901 3544 honorem
935 3483 970 3543 et
1001 3480 1222 3545 reverentiam
1250 3480 1387 3546 Domini
1444 3534 1446 3541 ,

470 3582 575 3646 nostri
592 3581 706 3668 jugem
729 3581 766 3645 in
788 3579 1080 3667 possessiunculam
1098 3581 1229 3647 cuidam
1251 3583 1387 3670 presby·

472 3690 541 3749 tero
564 3706 646 3760 meo,
662 3684 715 3748 cui
731 3704 851 3748 nomen
874 3682 1101 3761 AEthelnodus,
1124 3683 1231 3750 libens
1252 3691 1387 3773 gratan-

472 3792 524 3850 ter
555 3782 718 3872 impendo.
773 3785 885 3870 Hujus
916 3786 1014 3871 agelli
1047 3787 1103 3850 xii.
1135 3788 1253 3874 jugera
1285 3788 1388 3874 juxta

471 3990 599 4066 dicitur,
617 3990 897 4079 Pealagaepptune.
944 3990 1055 4075 Hujus
1071 3992 1257 4057 donationis
1272 3994 1389 4058 effectu

472 4090 671 4177 augentibus
694 4091 864 4176 praemium
890 4091 1134 4177 sempiternum,
1151 4098 1185 4158 et
1207 4094 1389 4160 resistenti-

474 4192 535 4257 bus
558 4180 725 4258 red'denda
747 4213 856 4256 coram
880 4191 1012 4258 Christo
1035 4193 1071 4257 in
1094 4194 1147 4259 die
1164 4195 1282 4280 judicii
1304 4198 1390 4262 ratio

474 4295 526 4358 sit.
571 4296 671 4358 Anno
687 4293 869 4360 Dominioae
883 4293 1122 4361 incarnationis
1137 4304 1338 4375 Dccccxw,
1355 4300 1391 4363 in

477 4396 530 4461 die
554 4396 601 4460 iii.
624 4396 786 4460 kalendas
808 4394 943 4482 Aprilis,
965 4398 1034 4463 haec
1063 4399 1191 4463 cartula
1223 4402 1389 4486 constipu-

475 4497 623 4562 lantibus
646 4497 774 4563 idoneis
795 4499 946 4575 testibus,
978 4520 1116 4585 qnorum
1138 4502 1274 4566 nomina
1303 4503 1391 4568 infra

477 4600 667 4679 recitantur,
690 4600 813 4688 scripta
834 4606 885 4666 est
895 4627 950 4666 :—

567 4713 603 4789 -1-
633 4703 705 4789 Ego
730 4703 894 4779 Edmund,
917 4725 984 4781 rex,
1008 4705 1229 4784 condonando,
1244 4706 1392 4772 consensi

657 4812 692 4870 et
718 4805 918 4892 subscripsi³

374 5020 382 5051 ¹
395 5013 592 5073 Ecclesiasticus,
605 5014 650 5062 xii.
661 5018 684 5064 2.
903 5015 913 5044 ¹
924 5014 981 5064 MS.
993 5015 1066 5064 reads
1076 5029 1193 5077 consensi
1204 5021 1230 5065 et
1239 5016 1393 5081 subscprpn·

371 5094 381 5122 ²
393 5091 450 5143 ou.
462 5091 496 5140 vi.
510 5097 548 5143 10.

1233 5178 1259 5227 K
