3817 6450
657 1231 759 1281 cisen
782 1229 829 1278 ou
852 1228 960 1278 nrm.
1290 1208 1333 1279 73

421 1426 527 1486 terres
556 1418 599 1483 ad
627 1417 713 1483 illud
750 1415 962 1504 pertinentes,
1023 1413 1165 1500 Insuper
1194 1411 1337 1477 concedo
1349 1414 1418 1467 AD·
1431 1416 1504 1466 8⁸⁵?

407 1500 619 1609 'Alswytho¹
652 1520 767 1587 villam
799 1519 840 1585 de
870 1516 1063 1594 Lemborne‚
1099 1521 1134 1582 et
1163 1516 1204 1582 de
1236 1514 1338 1579 Wan-

421 1625 537 1713 tyngh‚
572 1630 607 1690 et
641 1624 683 1690 de
722 1622 949 1688 Ethandtune.
1011 1620 1174 1685 Praeterea
1211 1618 1338 1684 duobus

421 1728 499 1793 filiis
519 1729 599 1793 meis
617 1728 717 1793 libras
737 1726 811 1814 lego
831 1725 930 1802 mille,
944 1721 1085 1790 'cuilibet
1107 1744 1220 1790 eorum
1242 1721 1339 1808 quin-

422 1836 538 1919 gentas
559 1831 669 1896 libras.
716 1829 762 1893 Et
779 1827 1007 1916 primogenitae
1028 1849 1117 1905 meae,
1133 1823 1338 1913 postgenitae,

424 1940 458 1999 et
476 1934 601 2020 juniori
627 1953 755 1998 necnon
779 1926 976 2017 Alswytho,¹
1003 1929 1081 2017 ipsis
1104 1934 1246 2015 quatuor
1267 1928 1339 2013 lego
1353 1938 1394 1989 fol.
1412 1944 1439 1988 ιι
1453 1940 1477 1988 d.

423 2036 522 2101 libras
565 2036 831 2123 quadringentas,
876 2033 1011 2099 cuilibet
1052 2054 1165 2098 eorum
1206 2036 1338 2097 centum

425 2138 532 2203 libres
587 2138 739 2204 Ulterius
762 2136 897 2202 cuilibet
924 2136 1159 2222 armigerorum
1192 2155 1339 2199 meorum

425 2247 556 2307 oentum
583 2262 715 2319 marcas,
740 2239 877 2326 singulis
908 2260 1020 2304 eorum
1053 2261 1112 2325 per
1145 2259 1178 2304 se
1207 2242 1340 2304 centum

424 2366 554 2409 rna-ress.
612 2344 850 2409 Verumtamen
871 2341 1014 2407 concedo
1033 2341 1197 2419 Athelmo,
1226 2339 1341 2406 Athel-

425 2446 540 2525 woldo,
565 2453 600 2511 et
634 2445 787 2511 Osfertho
818 2445 927 2522 etium,
960 2444 1096 2509 cuilibet
1128 2465 1240 2510 eorum
1267 2465 1341 2508 cen·

427 2555 499 2613 tum
536 2569 669 2613 marcas.
731 2547 870 2633 Insuper
908 2547 950 2611 do
990 2546 1163 2626 Etheredo,
1200 2545 1342 2633 principi

389 2685 395 2696 ·
427 2651 555 2716 militiae
582 2672 673 2728 mese,
695 2672 800 2715 unum
830 2650 978 2737 gladium
1009 2654 1044 2714 et
1067 2649 1186 2737 viginti
1211 2654 1343 2715 centum

427 2750 572 2819 marcas.l
620 2754 665 2819 Et
688 2775 760 2818 meo
779 2752 947 2838 sequestri,
964 2774 1038 2818 cum
1055 2775 1119 2838 quo
1134 2752 1205 2838 jam
1220 2752 1344 2817 Pascha

427 2857 621 2922 imminente
645 2861 779 2943 pactum
805 2856 945 2936 firmavi,
976 2856 1018 2922 do
1050 2857 1208 2922 ducentas
1235 2856 1344 2931 libras,

430 2966 468 3026 ut
491 2960 561 3047 ipse
590 2959 647 3025 det
676 2966 710 3025 et
740 2958 923 3025 distribuat
944 2959 1034 3025 inter
1056 2981 1169 3025 omnes
1191 2959 1265 3024 illos
1286 2958 1345 3022 ubi

429 3063 588 3149 placitum
612 3068 661 3128 est
684 3062 747 3128 sibi
769 3062 879 3127 subire
902 3060 1132 3149 sepulchrum,¹
1165 3062 1344 3127 secundum

430 3166 677 3254 dispositionem
716 3188 814 3253 quem
854 3172 984 3254 egomet
1022 3165 1086 3231 sibi
1124 3164 1165 3232 ad
1204 3186 1346 3253 praesens

428 3271 571 3337 conficio.
617 3269 759 3358 insuper
781 3269 1023 3356 archiepiscopo
1046 3268 1089 3333 do
1112 3274 1245 3334 centum
1260 3290 1347 3332 mar·

430 3396 491 3454 cas
522 3378 557 3439 et
588 3373 678 3438 Esno
708 3373 868 3460 episcopo,
900 3377 935 3438 et
966 3371 1153 3437 Werfertho
1188 3372 1346 3458 episcopo,

430 3482 464 3541 et
486 3476 536 3540 illi
559 3476 599 3540 de
615 3475 815 3562 Schyrbom,
832 3474 969 3540 cuilibet
989 3497 1101 3540 eorum
1117 3478 1249 3540 centum
1273 3496 1348 3539 oon-

431 3579 665 3655 cedomsrcas,
691 3579 733 3643 ad
757 3578 904 3643 dandum
935 3583 969 3643 et
993 3570 1267 3654 distribuendum}
1289 3598 1349 3664 pro

433 3703 492 3759 me,
525 3686 560 3746 et
593 3702 653 3767 pro
684 3684 778 3767 putre
812 3702 894 3758 mec,
930 3685 964 3745 et
997 3688 1131 3768 propter
1165 3681 1225 3746 hoe
1260 3680 1348 3767 quod

433 3783 501 3869 ipse
524 3789 705 3869 perantes
726 3784 925 3870 assignabat.
988 3784 1101 3849 Etiam
1128 3807 1188 3871 ego
1218 3785 1350 3871 assigno
1459 3821 1462 3824 ⁴

434 3887 590 3952 ducentes
623 3887 725 3952 libras
764 3887 1005 3973 quinquaginta
1045 3887 1256 3972 presbyteris,
1294 3910 1351 3973 per

433 3995 541 4055 totum
568 4012 704 4077 regnum
733 4012 842 4055 meum
855 4015 862 4070 ;
886 3995 920 4054 et
943 3990 1187 4077 quinquaginta
1208 3989 1348 4056 solidos¹

434 4093 569 4158 cuilibet
584 4092 655 4157 Deo
670 4092 835 4172 servienti,
852 4113 910 4178 per
932 4098 1041 4157 totum
1062 4115 1199 4181 regnum
1218 4116 1350 4173 meum;
1467 4121 1471 4126 -

434 4201 468 4261 et
483 4196 726 4281 quinquaginta
748 4193 891 4259 solidos¹
916 4195 960 4259 od
974 4195 1241 4261 distribuendum
1265 4197 1353 4261 inter

435 4320 609 4386 pauperes3
640 4304 675 4364 ct
708 4297 951 4384 quinquaginta
980 4298 1120 4364 solidos¹
1153 4299 1294 4366 ecclesiae
1319 4301 1353 4364 in

435 4423 500 4487 qua
522 4423 638 4488 corpus
664 4423 774 4465 meum
796 4400 941 4466 traditur
964 4401 1151 4488 sepulturae.
1199 4403 1245 4467 Et
1266 4404 1353 4467 ultra

436 4504 501 4569 ista
532 4504 640 4569 nescio
679 4509 793 4568 utrum
831 4503 904 4589 plus
942 4504 1042 4569 fuerit
1080 4504 1123 4569 ad
1154 4503 1351 4592 legendum,¹

437 4629 530 4692 spero
560 4628 675 4671 revere
707 4607 795 4692 quod
829 4607 903 4693 plus
935 4629 1004 4671 non
1037 4607 1138 4674 fuerit
1172 4610 1354 4674 inventum.

438 4711 474 4775 Si
498 4732 575 4774 vero
598 4709 672 4796 plus
695 4712 860 4795 repertum
885 4711 938 4788 sit,
965 4711 1160 4798 disponatur
1181 4718 1281 4797 prout
1303 4735 1356 4775 su-

437 4813 546 4898 perius
568 4812 808 4899 disponendum
839 4813 1032 4879 censuimus.
1087 4815 1132 4880 Et
1161 4813 1238 4878 volo
1268 4813 1357 4899 quod

437 4915 592 5001 armigeri
623 4915 698 4991 moi,
720 4936 794 4979 cum
818 4916 964 4994 velentio,
988 4922 1022 4981 et
1053 4938 1165 4980 omnes
1195 4915 1251 5001 qui
1283 4937 1357 4980 cum
1408 4946 1410 4951 ¹

440 5017 519 5104 ipsis
542 5019 576 5081 in
599 5016 735 5083 servitio
758 5039 831 5082 mco
860 5018 1019 5096 existunt,
1049 5019 1115 5083 istc
1144 5018 1357 5099 distribuant,

317 5146 424 5155 -.-
761 5149 1014 5155 -..—-.--—-
1028 5149 1358 5161 -..-“,...

608 5196 616 5227 ¹
631 5198 675 5249 Sic
687 5199 713 5249 in
726 5199 782 5252 MS.
817 5200 864 5252 See
875 5206 934 5250 note
945 5207 972 5251 st
984 5214 1006 5264 p.
1020 5205 1059 5250 67.
