3817 6450
782 1180 967 1228 srrsumx.
1106 1131 1109 1136 ‚
1334 1165 1394 1229 301

349 1357 474 1421 feriunt
508 1356 639 1442 fulgura
668 1361 805 1430 montes,
830 1378 850 1419 a
873 1353 1061 1418 domesticis
1091 1353 1205 1431 aerius,
1229 1374 1328 1438 qnam
1358 1353 1401 1416 ab
1414 1360 1482 1411 Ab.
1497 1365 1570 1409 1095.

350 1460 498 1522 hostibus
529 1467 580 1522 est
611 1458 795 1543 impeditus.
858 1457 1112 1521 Rebellsverunt
1135 1455 1222 1518 enim
1245 1455 1402 1518 adversus
1415 1440 1569 1556 fff'ffissfy

350 1584 423 1624 eum
462 1561 596 1645 quidam
634 1560 798 1646 principes
837 1558 1186 1645 Norman-Anglorum
1224 1558 1266 1621 ad
1305 1579 1400 1620 suum
1415 1574 1556 1637 Mowhrsy,

349 1667 483 1727 tandem
508 1663 701 1742 interitum3
730 1667 764 1726 et
787 1663 921 1746 quidam
946 1660 1109 1724 Robertns
1141 1659 1401 1724 Northamhnm-
1414 1640 1552 1755 ffissfm

350 1764 480 1828 brorum
506 1764 629 1838 Comes,
655 1766 708 1827 vir
732 1764 823 1828 divos
852 1770 885 1827 ct
912 1769 1036 1848 potens
1066 1763 1124 1847 qui
1153 1784 1270 1847 regem·
1289 1760 1401 1825 Scuto·
1414 1773 1526 1830 herlans,

350 1888 422 1929 rum
448 1866 657 1931 Malcolmum
680 1871 808 1951 patrem
832 1864 982 1929 Matildis
1005 1864 1127 1949 reginae
1150 1864 1304 1928 bellando
1327 1886 1400 1927 cum
1414 1840 1546 1956 ffiglgff‘r

350 1972 421 2031 toto
444 1990 526 2053 pene
550 1967 696 2031 exercitu
719 1968 894 2042 interfecit,
911 1967 990 2030 dum
1014 1966 1135 2030 bellare
1157 1971 1271 2031 contra
1292 1988 1401 2051 regem
1415 1991 1457 2039 sol.
1474 1992 1540 2039 rob.

350 2070 551 2133 Willehnum
574 2076 715 2154 temptat
736 2069 874 2134 fortuito
896 2069 938 2132 ab
959 2090 996 2132 eo
1018 2075 1068 2132 est
1087 2073 1210 2155 captus
1227 2075 1261 2133 et
1282 2068 1401 2133 carceri

350 2173 563 2257 mancipatus.
616 2172 813 2235 Willelmum
836 2193 966 2255 quoque
997 2171 1146 2247 Oensem,
1176 2171 1251 2257 plus
1285 2191 1402 2257 genere

350 2297 448 2359 quam
471 2275 637 2359 probitate
668 2274 801 2353 elatum,
826 2274 866 2337 dc
894 2273 1118 2357 conjuratione
1142 2277 1256 2336 contra
1277 2274 1400 2359 regiam

349 2382 545 2461 potestatem
569 2376 655 2440 facta
679 2376 809 2461 publice
839 2376 975 2454 victum,
1000 2376 1087 2438 idem
1117 2397 1177 2439 rex
1207 2375 1309 2439 oculis
1336 2374 1402 2460 pri-

350 2479 445 2542 vavit
478 2483 512 2542 et
547 2500 605 2563 per
640 2478 752 2565 omnia
790 2478 943 2541 inutilem
982 2476 1136 2541 reddidit.
1198 2475 1398 2540 Willelmum

350 2581 449 2643 etiam
474 2581 513 2644 de
537 2579 690 2643 Aldriato
721 2579 867 2663 ejusdem
892 2579 1050 2642 Willelmi
1082 2577 1326 2663 dapiferum'de
1349 2602 1401 2643 ea-

349 2682 423 2745 dem
462 2682 687 2765 conjuratione
718 2681 849 2764 injuste,
889 2687 928 2745 nt
959 2680 1063 2757 aiunt,
1095 2686 1283 2744 accusatum
1315 2681 1401 2767 pati·

349 2784 426 2847 bulo
465 2784 619 2868 suspendi
667 2784 829 2869 praecepit.
903 2782 1051 2867 Cumque
1090 2782 1252 2868 principes
1291 2783 1401 2847 dolore

350 2887 497 2970 permoti,
525 2891 596 2949 erat
629 2886 716 2949 enim
747 2885 834 2948 idem
866 2906 1001 2969 corpore
1031 2890 1065 2948 et
1095 2885 1205 2948 animo
1229 2891 1263 2948 et
1284 2906 1401 2970 genere

348 2988 532 3072 prreclarus,
558 2987 598 3051 de
623 2988 694 3071 ejus
716 2988 789 3051 vita
811 3007 923 3072 regern
947 2994 1128 3072 rogassent,
1155 2987 1303 3051 volentes
1326 3010 1399 3051 eum

349 3096 400 3151 ter
431 3112 512 3152 auro
547 3097 580 3152 ct
615 3094 753 3175 argento
789 3088 980 3174 ponderare,
1012 3109 1071 3151 rex
1105 3087 1205 3151 nuliis
1239 3089 1400 3174 precibus,

347 3190 446 3255 nullis
481 3192 681 3271 muneribus
714 3192 756 3255 ab
791 3192 861 3277 ejus
894 3196 1000 3256 morte
1037 3191 1148 3277 potnit
1177 3192 1292 3257 averti.
1352 3192 1401 3256 De

348 3317 412 3378 quo
446 3296 607 3379 quiddam
643 3295 749 3358 relatu
784 3295 924 3380 dignum
960 3295 1064 3358 fertur
1098 3294 1261 3360 accidisse.
1317 3295 1401 3359 Cum

347 3397 435 3460 cnim
459 3420 492 3460 se
517 3398 614 3461 morti
638 3397 842 3460 destinatum
865 3419 933 3460 esse
952 3397 1089 3474 videret,
1106 3401 1198 3462 totus
1221 3397 1264 3461 ad
1288 3397 1402 3461 Domi·

338 3520 425 3562 num
450 3521 635 3574 conversae,
658 3490 757 3563 nudis
791 3499 931 3584 pedibus
963 3498 1119 3583 nudoque
1154 3521 1294 3584 corpore,
1327 3521 1400 3563 cum

350 3601 517 3686 manipulo
555 3603 725 3687 virgarum
764 3602 935 3686 cujusdam
975 3601 1153 3666 sacerdotis
1189 3602 1329 3688 genibus
1368 3624 1401 3666 se

350 3705 523 3788 provolvit,
542 3705 671 3767 veniam
689 3713 723 3768 et
744 3704 983 3768 absolutionem
1005 3710 1210 3789 peccatorum
1232 3704 1403 3768 humiliter

349 3807 453 3890 petiit,
479 3827 576 3889 seque
599 3809 755 3870 acerrime
778 3806 944 3893 flagellare
964 3807 1048 3871 iecit.
1094 3806 1243 3892 Cumque
1258 3807 1301 3872 ad
1316 3830 1402 3872 mor·

348 3913 416 3971 tem
440 3909 621 3987 duceretur,
647 3931 823 3973 conversus
846 3911 888 3973 ad
912 3915 1095 3994 sequentes,
1124 3909 1221 3986 dixit,
1246 3908 1401 3989 “Sciatis

350 4017 366 4042 “
392 4032 442 4074 me
465 4034 485 4073 a
508 4013 603 4096 culpa
626 4034 691 4095 qua
713 4033 846 4075 accusor
868 4013 916 4075 ita
943 4034 1012 4076 esse
1036 4012 1289 4077 mundissimum
1315 4012 1402 4076 sicut

349 4122 366 4145 “
390 4112 508 4177 atrimae
544 4136 625 4177 mers
656 4114 725 4197 jam
757 4112 940 4199 egredienti
966 4114 1146 4178 Dominum
1181 4120 1260 4200 opto
1294 4114 1401 4199 propi-

350 4224 365 4247 “
389 4214 501 4278 tium.”
548 4215 630 4279 Haec
653 4215 763 4279 dicens
787 4221 961 4299 postquam
985 4218 1028 4280 ad
1051 4216 1158 4279 iocum
1183 4217 1321 4296 veniret,
1345 4239 1401 4279 ex·

349 4318 494 4402 spiravit.
542 4316 699 4381 Emulfus
715 4318 755 4382 dc
780 4317 932 4381 Hcdnith
956 4325 1086 4382 statura
1108 4340 1269 4404 procerus,
1289 4319 1401 4381 indus-

349 4419 415 4481 tria
440 4441 595 4494 summus,
621 4420 877 4504 possessionibus
901 4418 1063 4497 suffultus,
1088 4420 1177 4504 apud
1199 4442 1308 4506 regem
1331 4428 1401 4483 tam

349 4522 472 4604 injuste
496 4543 594 4605 quam
618 4522 782 4586 invidiose
805 4527 855 4586 est
878 4528 1055 4586 accusatus.
1101 4522 1254 4607 Denique
1272 4544 1346 4586 cum
1367 4545 1401 4585 se

350 4622 436 4684 bello
474 4624 622 4707 legitimo
661 4647 719 4709 per
754 4646 856 4687 unum
891 4647 932 4687 ex
967 4624 1035 4687 suis
1066 4633 1181 4688 contra
1218 4645 1321 4688 unum
1359 4645 1401 4687 cx

349 4723 537 4788 hominibus
561 4727 644 4811 regis
671 4726 757 4788 facto
789 4725 988 4790 defendisset
1014 4731 1114 4811 atque
1138 4727 1280 4803 vicisset,
1304 4731 1400 4789 tanto

350 4826 459 4890 dolore
483 4834 517 4889 et
541 4828 589 4888 ira
613 4835 662 4890 cst
686 4832 874 4904 commotus,
900 4832 938 4891 ut
961 4828 1124 4892 abdicatis
1147 4828 1300 4892 omnibus
1327 4849 1400 4912 queo

350 4930 434 5013 regis
459 4935 553 4992 erant
575 4930 609 4992 in
633 4929 764 5014 Angla,
784 4930 854 5013 ipso
875 4951 951 5015 rege
974 4931 1083 4994 invito
1099 4937 1133 4995 et
1148 4929 1400 5006 contradicente,

350 5031 555 5110 discederet;
589 5033 768 5096 associatus
798 5038 908 5097 autem
942 5033 1208 5098 Christianorum
1231 5033 1400 5098 exercitui.
