3817 6450
514 1155 561 1220 sl
886 1170 988 1219 arnan
1012 1169 1057 1219 nr
1080 1169 1186 1221 arna,

344 1365 489 1419 tumor·
510 1356 617 1422 multo
652 1377 750 1442 quarn
786 1354 998 1421 inchoaverat
1035 1362 1121 1432 ante,
1155 1354 1384 1443 omnipotenti
1418 1354 1561 1421 Domino

346 1439 403 1486 ⁹⁰³·
511 1466 700 1546 procuraret
721 1458 850 1523 servire.
898 1457 962 1523 Pro
990 1481 1055 1544 qna
1084 1481 1118 1522 rc
1148 1479 1214 1522 non
1237 1459 1330 1523 lircilc
1353 1457 1487 1523 volebat
1508 1479 1561 1522 us·

513 1564 599 1651 pianr
631 1563 670 1626 de
702 1560 900 1627 monasterio
931 1561 1052 1646 egredi,
1083 1561 1139 1624 sed
1175 1560 1312 1625 diversis
1345 1561 1492 1647 personis
1526 1567 1560 1626 et

511 1663 791 1731 ministratoribus
814 1663 991 1751 deputatis,
1016 1662 1164 1728 rissiduus
1194 1670 1264 1728 emt
1294 1663 1328 1727 in
1357 1663 1560 1728 orationibus

512 1775 547 1833 et
564 1767 708 1852 jejuniis.
756 1767 800 1832 Et
823 1765 850 1829 si
874 1766 1014 1851 qnando,
1035 1765 1123 1851 quod
1144 1765 1238 1831 tardo
1256 1774 1421 1844 invenerat,
1438 1765 1560 1840 exibat.

512 1871 548 1935 in
571 1869 854 1935 admonitionibus
885 1869 948 1956 piis
980 1868 1167 1942 insudabat,
1197 1874 1235 1933 ut
1266 1869 1293 1932 si
1324 1869 1562 1934 commisissent

513 1974 624 2061 populi
656 1973 767 2059 aliqua
795 1978 911 2046 errata,
944 1978 979 2036 et
1013 1979 1203 2057 paterentur
1233 1971 1419 2036 ‹lacmouunr
1454 1978 1560 2037 tenta·

511 2078 610 2154 mina,
633 2075 857 2160 unusquisqne
880 2075 1001 2139 timens
1036 2074 1121 2138 diem
1154 2074 1280 2158 judicii,
1304 2081 1338 2139 ct
1368 2097 1436 2140 sum
1466 2096 1560 2138 νοω·

513 2179 621 2252 tionis,
655 2178 809 2263 lacrymis
843 2184 877 2241 ct
915 2176 1118 2242 eleemosinis
1157 2177 1330 2242 redimeret
1368 2199 1427 2242 sua
1464 2178 1557 2242 laem.

515 2281 587 2346 Hac
609 2280 833 2345 admonitione
855 2280 963 2345 saneti
988 2280 1051 2343 viri
1079 2301 1192 2344 ‹nnnes
1221 2280 1388 2344 auditores
1419 2279 1559 2344 discede·

513 2383 602 2456 bant,
622 2382 677 2446 sed
700 2404 764 2447 non
783 2383 853 2447 sinc
876 2382 999 2468 gaudio
1020 2381 1259 2447 consolationis.
1310 2383 1396 2448 Nam
1412 2382 1559 2448 dolentes

513 2492 547 2550 et
569 2494 711 2558 innatos,
734 2506 792 2572 pro
815 2484 992 2569 cujuslibet
1018 2484 1164 2550 seculari
1193 2486 1328 2560 actione,
1352 2485 1560 2552 exhilarabat

513 2588 577 2652 oris
608 2589 658 2651 sui
689 2587 851 2653 affamine.
900 2588 953 2664 Et,
987 2587 1072 2672 quod
1108 2588 1226 2652 mirum
1259 2597 1310 2652 est
1341 2588 1442 2667 dictu,
1480 2589 1559 2655 nibil

513 2691 625 2756 docuit
647 2690 849 2754 sermonibus
872 2689 959 2774 quod
984 2712 1048 2754 non
1074 2689 1207 2755 liaberet
1232 2692 1263 2754 in
1288 2691 1424 2759 actibus.

346 2798 476 2853 Theriek·
560 2792 711 2878 Expletis
743 2792 844 2876 igitur
875 2792 1034 2878 regimine
1066 2793 1254 2858 clericorum
1291 2809 1432 2879 quatuor
1462 2795 1560 2882 septi·

346 2872 466 2999 ἷζζᾞ
477 2894 621 2986 osnarnis
643 2901 816 2980 posteprarn
840 2894 1074 2958 monasterium
1100 2894 1284 2959 ‹lerlicaturn
1308 2895 1380 2969 suit,
1403 2896 1559 2962 delibere-

347 3000 489 3053 errimrnld.
515 2996 574 3073 rit,
610 3005 648 3059 ut
682 3017 780 3080 supra
815 2996 939 3081 scripsi,
973 3003 1106 3060 acinctus
1141 3007 1234 3083 pater
1268 2997 1488 3072 Grimbaldus,
1526 2999 1558 3064 in

347 3066 483 3120 “³⁹⁰³
514 3098 667 3184 operibns
691 3098 784 3162 istius
815 3097 975 3183 elegantis
1003 3097 1143 3177 fabrica,
1168 3100 1341 3165 monachos
1371 3100 1559 3188 imponere;

513 3202 570 3267 sed
604 3201 759 3288 praevidit
791 3201 825 3265 in
858 3201 977 3289 spiritu
1010 3201 1096 3267 diem
1131 3203 1290 3268 tmnsit-ns
1311 3203 1362 3268 sui
1387 3205 1558 3293 appropin-

514 3330 621 3391 quare,
645 3328 710 3391 quo
733 3305 912 3371 mercedem
934 3306 1093 3371 bonomia
1117 3330 1249 3393 operum
1274 3331 1292 3371 a
1309 3309 1441 3375 Christo
1456 3310 1558 3375 olem

514 3409 647 3474 deberet
670 3408 819 3493 recipere,
843 3432 901 3495 pro
924 3409 1113 3473 certaminis
1137 3410 1263 3488 lalsne;
1289 3419 1323 3475 ct
1348 3410 1421 3477 ideo
1444 3413 1560 3477 volun·

514 3520 616 3575 tatem
640 3532 731 3574 suam
761 3511 795 3574 in
819 3511 1056 3596 congregandis
1080 3513 1235 3576 snrtribus
1267 3536 1332 3578 non
1364 3516 1475 3600 potuit
1505 3538 1561 3581 ex·

514 3616 611 3699 plcre.
658 3614 822 3677 &cretius
845 3614 956 3698 itaque
980 3622 1013 3678 et
1037 3615 1195 3679 remotius
1218 3616 1301 3679 inlia
1327 3619 1559 3684 rnomrstcriurn

514 3716 663 3782 babitare
700 3716 810 3801 coepit,
850 3739 907 3781 nce
945 3717 1080 3781 omnine
1118 3718 1197 3802 qnid
1236 3720 1390 3785 suculam
1427 3722 1559 3787 volebat

513 3819 636 3897 andire,
663 3817 714 3881 rel
739 3818 835 3903 loqui.
884 3818 927 3882 Et
951 3819 1055 3882 tarrtis
1079 3820 1260 3885 virtutibus
1290 3821 1396 3887 clanis
1426 3834 1459 3889 et
1492 3846 1560 3912 per·

514 3922 626 3998 lectus,
652 3926 798 4005 tempore
822 3920 878 3984 illo
900 3921 1041 4007 aparuit.
1065 3929 1103 3986 ut
1126 3924 1251 3988 cunctis
1272 3925 1327 4008 qui
1352 3925 1465 3993 videre
1487 3950 1560 3993 eum

511 4031 706 4093 meruerant,
727 4024 913 4108 exemplum
936 4023 1018 4087 bene
1041 4024 1186 4101 vivendi,
1209 4031 1243 4089 et
1267 4034 1422 4093 terrorem
1442 4029 1558 4115 judicii

512 4125 616 4189 l'nturi
633 4124 823 4209 praebuerit.
871 4124 1067 4211 Exemplum
1092 4128 1232 4211 quidem,
1255 4130 1341 4214 quod
1367 4130 1400 4195 in
1425 4132 1560 4199 intinni-

513 4236 580 4290 tate
597 4226 806 4301 lalorantern
821 4227 868 4292 ita
882 4249 958 4291 curn
977 4228 1008 4291 in
1031 4228 1163 4313 psalmis
1178 4238 1212 4293 et
1236 4230 1369 4316 lryrnnie
1383 4235 1561 4321 sepissime

513 4328 669 4393 ridebant
694 4330 870 4406 intentum,
895 4339 929 4394 et
952 4330 1070 4394 coelum
1087 4329 1231 4396 crelnins
1253 4334 1504 4420 respicientem
1525 4343 1561 4404 nt

515 4431 573 4516 ipsi
598 4431 653 4516 qni
684 4433 756 4495 sani
781 4439 877 4495 erant
900 4432 1022 4497 imitari
1051 4434 1182 4518 penitus
1205 4456 1279 4499 eum
1308 4459 1374 4501 non
1402 4438 1560 4507 valerent.

513 4534 568 4597 sic
590 4534 788 4598 occasionem
814 4535 1017 4600 infirmitatis
1048 4544 1180 4599 sanctus
1209 4539 1261 4602 vir
1292 4540 1368 4603 lecit
1399 4562 1468 4607 ease
1499 4542 1563 4607 vir·

515 4636 604 4701 tntis.
667 4636 736 4700 Nee
775 4637 913 4721 languor
951 4637 1187 4703 imbecillitatis
1225 4663 1387 4728 corporea·
1424 4643 1560 4711 lilcrurn

513 4739 657 4804 :minmnr
684 4740 771 4803 illius
795 4741 905 4826 pariit
937 4741 1118 4826 irnperlin·:
1141 4743 1196 4806 scel
1216 4744 1318 4827 juxta
1341 4768 1453 4811 vocem
1485 4770 1561 4835 apo·

513 4842 609 4904 stoli:
650 4842 832 4922 '‘Qruendo
862 4842 942 4927 plus
983 4843 1234 4926 insinuabatur,
1272 4855 1354 4911 lirare:
1385 4858 1503 4934 potem
1531 4858 1560 4915 el

513 4953 530 4976 ⁶·
541 4943 669 5027 sortior
695 4943 911 5008 o·i‹lelurtar.''¹
963 4944 1014 5008 lla
1038 4947 1203 5012 cruciatus
1227 4949 1432 5015 infirmitatis
1457 4960 1560 5019 mate·

942 5110 947 5135 ¹
962 5114 976 5153 ⁸2
989 5107 1047 5157 (ω.
1057 5107 1099 5156 xil.
1116 5114 1152 5156 1υ.
