3817 6450
684 1685 991 1768 APPENDIX
1037 1692 1092 1771 Α.

764 1897 783 1902 -
800 1898 1031 1909 --——-——....

769 1911 792 1915 .-
803 1911 897 1919 -...
910 1914 1028 1921 ---...

346 2083 617 2179 CHRONICA
643 2083 976 2177 MONASTERH
1003 2087 1073 2179 DE
1102 2089 1241 2182 HIDA
1266 2090 1445 2184 JUXTA

715 2232 1050 2343 WINTONIAtt

577 2435 631 2499 Aa
654 2450 749 2499 irino
774 2437 860 2501 1035
884 2452 933 2501 AD
954 2451 1081 2502 Annon
1107 2395 1203 2501 1121ss

497 2653 515 2688 0
650 2651 667 2685 Ι
803 2651 820 2685 Ι
956 2651 973 2686 1
1108 2651 1125 2686 1
1260 2651 1278 2687 0

689 2813 811 2868 Nonum
828 2812 935 2867 Restm
952 2812 1083 2867 Assem
1425 2837 1467 2888 for
1479 2843 1503 2889 ς,

398 2942 470 2996 Poar
487 2947 610 2997 mortem
629 2942 765 2997 Edwardi
783 2941 903 3013 gloriosi
921 2941 1002 3012 regis
1019 2939 1137 3012 Angliae
1154 2943 1290 3014 regnavit
1306 2945 1413 3002 Haral·
1424 2974 1559 3027 Emm,

363 3025 416 3079 dns
435 3044 493 3089 rex,
514 3033 543 3082 et
561 3028 625 3097 ipso
649 3027 763 3081 devicto
781 3042 799 3079 o
816 3024 963 3080 Willelmo
981 3024 1133 3089 Bastardo,
1153 3025 1232 3081 idem
1243 3028 1411 3087 wilielmus
1423 3041 1477 3091 tion
1488 3041 1517 3092 of
1525 3043 1567 3094 the

363 3111 410 3164 die
431 3110 547 3165 Natalis
567 3111 685 3165 Domini
710 3116 864 3165 coronatus
883 3109 940 3163 suit
963 3109 999 3164 ab
1017 3109 1172 3175 Alnurido‚
1192 3112 1410 3186 archiepiscopo
1423 3107 1538 3172 kinwf

362 3194 495 3258 Eboraci,
511 3202 541 3251 et
558 3196 693 3267 regnavit
704 3194 761 3249 xxi.
780 3194 878 3250 annis'
898 3199 929 3249 et
945 3211 973 3248 x.
989 3209 1104 3249 menses
1124 3200 1155 3250 et
1171 3196 1270 3251 xxviii.
1284 3197 1408 3265 diebus,¹
1421 3173 1547 3291 ἔξω

362 3285 392 3333 et
409 3286 540 3335 mortuus
560 3288 605 3335 est
623 3280 688 3334 idus
708 3279 898 3351 Septembris,
919 3278 1051 3349 sepultus
1075 3279 1154 3350 apud
1171 3279 1256 3335 Kaan
1280 3282 1311 3337 in
1334 3283 1410 3339 Nor·
1423 3307 1557 3358 Hmldgo

361 3365 486 3418 monnio.
524 3362 628 3418 Eidem
649 3364 798 3419 Wiilelmo
816 3363 941 3418 Bastard
966 3363 1108 3418 successit
1126 3364 1293 3421 Willelrnus
1314 3367 1409 3424 Rufus
1422 3374 1563 3427 Edwardl.

362 3448 439 3503 filius
459 3449 532 3519 ojus,
553 3456 582 3504 ot
601 3455 754 3503 coronatus
773 3454 818 3503 est
836 3448 883 3502 die
901 3446 1074 3502 Nativitatis
1093 3447 1192 3503 Beatae
1210 3448 1313 3505 Mariae
1331 3453 1410 3523 apud

361 3532 653 3587 westmonasterium
683 3552 701 3586 a
731 3533 815 3586 beato
841 3530 1012 3594 Lanfranco‚
1040 3531 1258 3604 archiepiscopo
1283 3534 1410 3591 Cantus·

360 3617 459 3681 riensi,
480 3619 530 3688 qui
548 3617 684 3686 regnavit
701 3617 763 3670 xiii.
778 3615 860 3671 annis
878 3614 978 3669 xxviii.
999 3614 1102 3670 dicbus
1120 3617 1226 3670 minus.
1257 3616 1323 3688 lpse
1340 3635 1408 3674 cum

359 3708 513 3756 venaretur
530 3702 561 3754 in
572 3701 657 3755 Nova
681 3701 803 3754 Foresta
821 3700 978 3770 sagittatus
997 3704 1042 3753 est
1059 3698 1097 3753 cd
1114 3706 1248 3764 mortem,
1262 3719 1327 3756 non.
1348 3700 1409 3757 Au·

360 3787 448 3856 gusti,
464 3793 493 3840 et
506 3786 637 3856 sepultus
656 3791 701 3839 est
715 3784 818 3856 [apud]
833 3783 1020 3846 Wintoniam,
1033 3783 1064 3837 in
1082 3783 1206 3838 ecclesia
1222 3784 1300 3840 beati
1313 3785 1405 3841 Petri.

360 3868 429 3924 Post
447 3870 531 3923 iilum
550 3874 702 3925 coronatus
722 3874 767 3923 est
787 3868 944 3932 Henricus,
965 3866 1056 3921 irater
1080 3866 1154 3937 ejus,
1173 3866 1236 3921 viii.
1259 3868 1325 3923 idus
1346 3867 1408 3925 Au·

359 3954 448 4024 gusti,
464 3953 515 4023 qni
533 3953 668 4023 regnavit
686 3970 769 4006 xxxv.
784 3951 867 4006 annis
880 3957 910 4006 et
921 3951 981 4006 xri.
995 3948 1194 4015 hebdomadis,
1207 3956 1237 4006 et
1247 3970 1275 4006 v.
1290 3952 1405 4019 diebus,

358 4044 388 4091 et
399 4046 530 4091 mortuus
549 4043 594 4091 est
606 4037 659 4090 iiii.
671 4054 761 4091 nonas
780 4033 950 4089 Decembris
963 4035 995 4088 in
1005 4050 1124 4088 nemore
1135 4033 1172 4088 de
1184 4034 1289 4100 Leone,
1303 4053 1407 4093 versus

359 4119 497 4175 Sanctum
521 4119 697 4182 Dionisium‚
727 4125 756 4173 ot
782 4118 952 4189 deportatus
980 4123 1026 4173 eat
1050 4117 1128 4172 insra
1158 4116 1259 4172 Natali
1286 4117 1407 4176 Domini

358 4203 433 4274 apud
464 4202 622 4273 Rodinges,
654 4202 788 4258 conditus
818 4203 849 4255 in
873 4201 999 4256 ecclesia
1022 4218 1110 4271 quam
1129 4202 1298 4257 construxit.
1338 4204 1406 4273 (Isti

357 4287 486 4342 Henrico
505 4288 648 4342 successit
661 4287 835 4358 Stephanus,
850 4303 939 4357 nepos
953 4285 1026 4357 ejns,
1042 4284 1092 4356 qui
1105 4290 1258 4341 coronatus
1271 4293 1317 4344 est
1328 4288 1406 4359 apud

359 4412 365 4425 .
387 4412 394 4425 .
416 4413 422 4425 .
443 4372 490 4425 die
509 4371 608 4426 Sancti
630 4370 727 4441 Lucre)
739 4375 758 4437 ᾖ
776 4377 806 4426 et
823 4386 948 4441 regnum
968 4368 1051 4424 xviii.
1069 4369 1152 4424 annis
1173 4370 1231 4425 xlv.
1249 4370 1405 4427 hebdoma-

356 4455 401 4511 dis
419 4456 554 4510 ultimum
573 4457 740 4511 valeiiciens
761 4454 809 4509 die
828 4453 1002 4509 Sanctorum
1021 4452 1151 4526 Crispini
1172 4460 1203 4510 et
1215 4453 1402 4527 crispiniani,

356 4542 488 4610 sepultus
518 4541 637 4595 tandem
666 4540 698 4594 in
724 4540 849 4595 ecclesia
876 4538 976 4594 Sancti
1004 4536 1165 4594 salvatoris
1196 4538 1274 4610 apud
1296 4539 1404 4595 Faver-

356 4625 447 4679 sham.
487 4663 610 4680 .....
627 4624 684 4679 lati
711 4624 857 4706 Stephano
884 4622 1027 4678 successit
1056 4622 1214 4688 chrious,
1243 4622 1302 4677 dux
1327 4622 1403 4678 Nor-

390 4812 854 4881 ¹SicinMS.,pcesim‚sor“armoe,”
900 4812 971 4878 ginal
993 4820 1052 4863 note
1073 4813 1100 4863 in
1122 4813 1178 4868 Me.
1212 4814 1265 4863 But
1282 4813 1325 4864 the
1345 4814 1402 4865 dite

356 4900 371 4931 ⁴¹
384 4897 460 4957 dies,’'
472 4898 519 4946 &c
900 4892 959 4943 here
967 4892 1273 4958 giveniantterlyrrrong.
1291 4892 1400 4958 Stephen

388 4977 464 5027 ²'Phe
475 4977 560 5027 words
579 4973 669 5024 within
686 4972 856 5038 parentheaes,
900 4990 953 5025 vas
971 4977 1088 5026 croned
1099 4990 1132 5025 on
1143 4974 1182 5025 St.
1197 4972 1400 5041 Stephcn'sdry,

353 5056 458 5108 omitted
471 5056 498 5105 in
510 5055 578 5106 their
590 5068 680 5119 proper
688 5054 760 5117 ploce
770 5052 805 5117 by
814 5052 858 5101 the
902 5054 964 5105 aeth
975 5054 1038 5105 Dee.

355 5137 444 5199 scribe,
452 5137 587 5188 hrobeen
599 5133 715 5200 supplied
722 5133 781 5196 hya
792 5144 859 5181 mar·
