3817 6450
565 2093 804 2187 LIBER
840 2096 934 2187 DE
975 2098 1203 2196 HYDA.

702 2311 1032 2322 ————--

775 2506 941 2574 Cnsrrns
964 2506 991 2572 Ι.

360 2708 624 2798 [Introduction.
641 2747 685 2761 -
699 2708 835 2795 Lepend
874 2708 913 2795 os
947 2706 1088 2774 Albino.
1101 2707 1342 2795 —Snmnmy
1371 2710 1411 2795 of

418 2811 562 2897 duplicia
586 2812 730 2899 Hictcrp
753 2812 859 2898 before
882 2811 934 2879 tte
954 2812 1116 2878 Nornrcn
1141 2810 1329 2899 Conponat]

360 2984 512 3050 Rsuuuu
534 2986 623 3072 quod
645 2984 741 3050 modo
764 2984 887 3073 Anglin
908 2986 1109 3065 nominatur,
1133 2985 1211 3050 olim
1234 2984 1405 3051 dicebatur
1441 2998 1519 3066 cusp.
1532 3003 1553 3052 Ι.

358 3087 502 3174 Altyon,
533 3093 568 3153 et
598 3088 658 3153 hoc
688 3089 794 3153 modo.
840 3088 892 3153 Ut
922 3088 1010 3153 enim
1040 3088 1167 3175 repperi
1197 3088 1233 3153 in
1263 3083 1404 3175 quadam
1417 3082 1548 3134 Introduc-

358 3192 520 3260 chronica
549 3192 781 3269 vetustissima,
804 3191 892 3279 quod
914 3190 980 3257 fuit
1002 3191 1039 3255 in
1061 3212 1163 3279 regno
1194 3190 1302 3277 Syria
1331 3156 1484 3292 qui-{33}
1499 3259 1521 3293 a.

357 3295 432 3361 dam
463 3316 523 3361 rex
553 3294 681 3374 nobilis,
710 3294 842 3361 nomine
870 3294 1101 3370 Dioclitianus‚
1124 3293 1181 3381 qui
1203 3293 1270 3360 sere
1294 3296 1403 3360 omnia

357 3420 457 3485 regna
485 3399 628 3464 confinia
657 3399 720 3464 sibi
750 3398 995 3487 subjugaverat.
1043 3397 1201 3478 Hicrax,
1224 3397 1403 3485 exregina

354 3523 414 3566 sua
435 3502 539 3567 nobili
562 3507 637 3567 orta
658 3524 782 3589 genere,
807 3506 1024 3590 cognomento
1046 3501 1189 3581 Iabana,
1205 3501 1346 3589 triginta
1368 3506 1403 3567 et

356 3611 422 3670 tres
444 3604 561 3692 genuit
588 3605 681 3685 filias,
708 3610 859 3692 aspectus
888 3627 988 3692 supra
1018 3604 1152 3670 modum
1182 3604 1402 3693 pulcherrimi,

355 3729 436 3794 quas
471 3708 682 3796 desponsavit
711 3730 771 3774 rex
804 3714 899 3795 pater
929 3708 1071 3794 triginta
1099 3707 1303 3795 principibus
1337 3708 1400 3773 sibi

355 3810 549 3876 tributariis.
596 3811 661 3892 Qui
684 3833 776 3899 reges
791 3816 826 3875 et
842 3810 965 3900 reginae
980 3833 1054 3876 cum
1069 3810 1272 3897 aliquamdiu
1294 3833 1399 3876 mora-
1414 3821 1470 3874 The

355 3922 478 3993 rantur,
510 3914 553 3979 ad
585 3915 728 3981 invicem
766 3936 884 3980 uxores
922 3915 990 3980 suis
1026 3936 1095 3979 non
1132 3913 1399 4000 complacuerunt
1411 3889 1543 4010 sffiim

355 4017 443 4092 viris,
475 4038 534 4082 nec
565 4017 633 4082 suis
666 4018 776 4104 sponsi
808 4017 975 4083 uxoribus.
1020 4017 1079 4082 Ad
1107 4017 1270 4096 ultimum,
1303 4023 1517 4102 tantnepdher

354 4122 515 4187 seminata
537 4121 647 4187 estin
676 4122 764 4209 ipsos
794 4121 965 4201 discordia,
988 4120 1077 4206 quod
1099 4119 1178 4186 dum
1201 4120 1325 4185 domini
1348 4143 1397 4186 re·
1411 4099 1502 4143 ΒΜ·

352 4223 504 4309 ginnrnm
533 4225 570 4289 in
603 4225 708 4289 somni
741 4224 930 4311 temporalis
964 4244 1112 4310 soporem
1148 4223 1395 4301 resolverentur,

353 4326 519 4412 praedictae
534 4327 676 4393 domines
698 4325 778 4414 ipsis
800 4326 933 4413 regibus
955 4326 1096 4414 propriis
1117 4331 1256 4413 guttura
1278 4328 1396 4392 inscin-

352 4430 479 4509 dentes,
518 4429 738 4495 irrevocabilis
782 4429 897 4495 mortis
934 4429 1187 4516 propinaverint
1233 4429 1394 4495 haustum.

352 4532 449 4612 Quod
482 4532 773 4598 nefandissimum¹
808 4533 930 4618 tactum
964 4555 1037 4598 oum
1071 4533 1114 4596 ad
1145 4553 1257 4597 earum
1291 4534 1394 4620 patris

350 4636 504 4700 notitiam
529 4637 738 4723 pervenisset,
754 4637 804 4701 ira
825 4636 1038 4701 vehementer
1062 4637 1240 4702 excanduit
1262 4636 1393 4721 Dyocli-

350 4740 469 4816 tianus,
505 4746 546 4815 et,
579 4761 637 4825 pro
670 4740 839 4804 commisso
873 4737 1019 4815 nefario?
1053 4739 1199 4826 proprias
1233 4738 1318 4802 filias
1356 4738 1391 4801 in

350 4862 449 4904 unum
475 4847 686 4928 congregatas
708 4842 854 4908 decrevit
876 4842 953 4930 igne
979 4843 1184 4907 concremari.
1231 4840 1295 4904 Sed
1318 4845 1391 4904 tan-

383 5150 700 5217 'MS.,neptcndissimum.
868 5151 873 5217 Ι
920 5149 1006 5208 ²MS.,
1019 5147 1145 5214 repturio.

1189 5242 1212 5291 Δ
1237 5229 1255 5289 2
