3817 6450
731 1174 833 1226 ruane
855 1174 903 1225 nu
925 1173 1031 1225 urna
1362 1165 1407 1232 83

356 1386 395 1434 ac
418 1363 573 1434 infinitus
595 1364 742 1432 fidelium
764 1365 962 1454 populorum
991 1386 1156 1443 numerus,
1181 1370 1215 1433 et
1237 1364 1407 1433 dedicave·
1420 1382 1488 1437 ab.
1501 1390 1557 1440 soa.

358 1472 437 1534 runt
459 1467 678 1535 venerabilem
701 1474 736 1536 at
757 1468 829 1535 Deo
852 1469 1006 1535 dilectam
1028 1469 1196 1536 basilicam
1222 1470 1259 1534 in
1284 1470 1408 1537 honore

357 1570 489 1639 Sanctae
525 1570 698 1638 Trinitatis
731 1572 978 1659 individuaeque
1016 1573 1167 1652 unitatis,
1200 1594 1327 1639 necnon
1370 1574 1406 1638 in

357 1676 568 1742 veneratione
590 1680 714 1743 sanetae
737 1675 802 1741 Dei
827 1676 995 1762 genitricis
1023 1675 1148 1753 Mariae,
1176 1680 1405 1763 perpetuaeque

357 1780 504 1867 virginis,
545 1784 797 1866 sanctorumque
834 1780 1056 1868 apostolorum
1103 1780 1193 1845 Petri
1226 1785 1262 1846 et
1299 1781 1404 1860 Pauli,

357 1904 442 1949 enno
465 1882 508 1948 ab
531 1883 753 1950 incarnatione
777 1884 912 1950 Domini
942 1884 1191 1972 nongentesimo
1221 1885 1340 1965 tertio;
1370 1891 1404 1950 et

357 1991 396 2051 ut
429 1986 563 2052 decebat
597 2009 678 2075 opus
711 1987 838 2073 regium
874 1986 1014 2054 Nouum
1035 1986 1287 2053 Mormstcriam
1319 1988 1402 2055 illud

356 2094 638 2178 nuncupaverunt,
660 2090 704 2156 ad
727 2090 974 2157 distinctionem
995 2090 1122 2157 vetusti
1144 2090 1345 2157 monasterii.

399 2194 472 2259 Rex
503 2199 623 2272 autem,
659 2194 716 2281 qui
747 2216 815 2260 non
845 2194 938 2281 piger
970 2213 1041 2260 erat
1072 2194 1222 2260 imitator
1253 2200 1401 2281 paternae
1413 2210 1567 2264 Theodoru-

356 2297 499 2375 virtutis,
530 2298 636 2363 locum
673 2298 776 2362 istum
810 2297 908 2363 terris
939 2303 973 2363 et
1011 2298 1157 2364 aedificiis
1195 2297 1326 2377 ditavit,
1366 2301 1400 2365 et
1412 2286 1482 2328 ment
1493 2284 1544 2330 ”nd

356 2400 591 2487 multiplicibus
622 2400 822 2466 ornamentis
848 2401 1035 2481 honoravit,
1062 2423 1100 2466 ac
1129 2402 1279 2488 expensis
1310 2347 1570 2468 exte-illigent

355 2504 493 2570 rioribus
527 2505 701 2591 delegavit,
731 2525 857 2569 necnon
891 2510 927 2569 et
958 2505 1144 2571 clericorum
1176 2481 1566 2614 congregatio-ffissnssffigby

355 2629 433 2685 nem,
451 2609 509 2693 qui
525 2606 666 2674 officium
689 2608 841 2673 divinum
864 2608 1091 2694 adimplerent,
1107 2607 1263 2684 instituit,
1280 2608 1400 2693 quibus
1411 2616 1462 2664 and
1473 2616 1564 2666 others.

355 2716 499 2776 sanctum
529 2715 656 2797 patrem
690 2708 919 2777 Grimbaldum
949 2710 1060 2776 verbis
1086 2710 1300 2797 operibusque
1329 2700 1453 2776 exi-fd·
1468 2702 1530 2752 ¹³³¹·

355 2815 454 2880 mium
488 2814 631 2902 perfecit.
687 2813 846 2880 Obtulere
879 2814 997 2888 etiam,
1018 2813 1209 2901 spectabiles
1246 2814 1319 2892 viri,
1357 2815 1397 2879 de

354 2925 448 3003 gente
471 2918 664 3005 Anglorum,
691 2918 727 2983 in
756 2918 810 2984 die
840 2917 1064 2995 dedicationis,
1089 2917 1241 3002 quaedam
1263 2916 1396 3004 praedia,

355 3021 577 3106 patrocinante
602 3043 687 3109 rege,
713 3025 753 3086 ut
774 3022 932 3087 memoria
952 3022 1137 3086 animarum
1158 3020 1290 3086 illorum
1313 3025 1398 3088 asset

353 3123 383 3188 in
407 3124 463 3189 illo
485 3124 556 3190 loco
580 3124 643 3210 [in]
665 3129 823 3211 perpetua
844 3123 1081 3190 benedictione.

394 3227 653 3315 Benignissirnm
681 3233 793 3293 autem
820 3229 893 3295 Rex
923 3250 991 3293 non
1020 3229 1126 3315 impos
1149 3228 1201 3293 sui
1231 3227 1312 3308 voti,
1336 3228 1397 3294 hoc
1410 3245 1528 3297 mmin-

355 3332 436 3417 quod
460 3331 518 3395 diu
545 3330 641 3397 corda
666 3336 876 3409 tractaverat,
898 3332 1121 3397 occasionibus
1146 3329 1249 3417 justis
1272 3330 1396 3399 efficere
1409 3315 1552 3364 nouorum

355 3435 465 3512 voluit,
487 3456 623 3520 ossaque
652 3439 687 3499 et
716 3435 838 3501 cineres
868 3435 972 3522 patris
1001 3435 1063 3511 sui,
1085 3433 1223 3512 Alfredi,
1246 3436 1303 3520 qui
1329 3383 1559 3501 tm-ppppppsof

354 3538 419 3603 dita
440 3539 619 3625 sepulturae
643 3537 777 3602 fuerant
798 3539 836 3602 in
862 3540 1061 3603 monasterio
1084 3537 1198 3617 veteri,
1222 3540 1395 3604 transtulit
1407 3515 1521 3634 ‘hiim'

353 3640 384 3704 in
402 3641 620 3707 sacratissimo
646 3641 716 3707 loco
739 3641 880 3727 propriae
902 3641 1139 3722 aedificationis,
1163 3663 1237 3707 cum
1260 3664 1395 3729 appara

353 3745 437 3810 tibus
459 3745 561 3832 regali
584 3744 838 3830 magnificentiae
862 3745 978 3832 dignis.
1025 3744 1066 3809 In
1093 3767 1158 3831 quo
1188 3747 1395 3828 monasterio,

353 3848 447 3914 etiam
473 3855 613 3914 matrem
640 3870 732 3912 suam
756 3848 827 3912 Deo
850 3849 1025 3914 amabilem
1047 3848 1225 3927 foeminam,
1257 3853 1291 3913 et
1321 3872 1395 3914 curn

352 3950 466 4018 honora
488 3951 699 4016 vocitandam
722 3950 962 4037 Elhswytbam,
986 3953 1176 4031 tumulavit,
1203 3952 1295 4041 [quae
1310 3952 1392 4041 fuit]

352 4055 542 4121 aedffieauix
566 4054 754 4119 monasterii
781 4054 973 4120 monialium
1000 4056 1088 4142 quod
1115 4059 1165 4119 est
1192 4055 1394 4141 Wyntoniae,

350 4158 382 4222 in
413 4180 478 4245 quo
513 4158 714 4223 diversarum
746 4159 927 4245 specierum
954 4157 1060 4223 dona¹
1086 4157 1217 4234 obtulit,
1249 4165 1289 4223 ut
1318 4181 1392 4223 cum

349 4262 465 4327 arces
488 4266 573 4326 esset
596 4266 816 4326 resurrectura
838 4261 874 4324 in
899 4261 1003 4347 gloria
1023 4268 1193 4348 perpetuae
1214 4260 1390 4327 felicitatis.

389 4365 516 4431 Dehine
540 4364 670 4430 labente
693 4386 844 4450 processu
868 4366 963 4449 parvi
989 4365 1154 4451 temporis,
1178 4369 1311 4429 sanetus
1334 4388 1391 4452 pa·
1405 4385 1558 4436 nemausa

347 4471 395 4532 ter
417 4467 638 4545 Grimbaldus,
671 4469 811 4534 inertem
844 4466 977 4532 turbam
1000 4467 1159 4532 nobilium
1190 4454 1559 4570 ⁰12fi00r¹¹¹1tsssslssffif⁰¹

348 4571 398 4654 qui
437 4573 491 4636 hic
522 4571 730 4650 babitabant,
764 4572 897 4635 omnino
934 4570 1042 4635 voluit
1073 4571 1251 4649 eliminare,
1290 4575 1390 4656 atque
1403 4586 1551 4703 tciqninhure

1359 4674 1366 4688 ⁸
1444 4669 1488 4703 ure
1509 4691 1513 4702 .

348 4674 517 4739 monachos
540 4673 611 4738 Deo
635 4674 814 4740 servientes
840 4674 927 4737 hunc
953 4672 1060 4737 locum
1084 4673 1186 4760 regali
1216 4672 1389 4758 privilegio

349 4776 386 4839 ad
419 4775 673 4842 inhabitandum
706 4776 791 4840 dare.
849 4775 980 4862 Quippe
1014 4775 1104 4841 senio
1136 4776 1312 4850 confectus,
1343 4776 1389 4839 sic

349 4879 546 4966 propositum
572 4880 659 4964 quod
686 4885 879 4965 susceperat,
904 4879 1015 4944 tenuit
1040 4890 1121 4956 arte,
1144 4885 1183 4943 ut
1206 4877 1388 4942 ferventius

356 5038 461 5048 ——.—
822 5039 852 5045 —-
870 5037 979 5045 ..ο-ι...
1218 5035 1391 5044 .-.-—.-—-.-.

809 5138 814 5167 ¹
829 5135 893 5198 ns,
904 5134 982 5184 aare.

1190 5231 1210 5278 r
1234 5215 1255 5277 2
