3817 6450
730 1160 833 1209 mssa
854 1161 901 1208 ns
923 1158 1031 1207 uros.
1326 1146 1390 1207 113

345 1346 582 1411 Athelstauum
596 1351 837 1431 regnaverunt3
862 1350 895 1410 et
916 1345 998 1409 duas
1021 1344 1309 1423 filias—sanctam
1325 1344 1393 1409 Ed·
1413 1352 1482 1402 nl).
1494 1356 1551 1402 901·

345 1449 492 1536 burgam,
516 1448 588 1512 Deo
611 1449 764 1525 dicatam,
790 1446 893 1533 [quae]
917 1447 953 1511 in
977 1447 1173 1512 monasterio
1196 1447 1389 1511 monialium

346 1550 538 1635 Wyntoniae
554 1550 747 1635 requiescit;
768 1555 803 1614 et
819 1549 993 1635 Edgivam,
1009 1570 1083 1634 quae
1097 1550 1211 1634 nupsit
1225 1549 1393 1634 Aquitan-

347 1675 464 1718 norum
487 1653 629 1740 principi
652 1652 846 1738 Lodowyco.

392 1755 442 1821 De
463 1756 527 1821 ista
545 1756 682 1841 virgine,
703 1760 817 1819 sancta
842 1754 1006 1839 Edburga,
1032 1754 1177 1818 traditur
1203 1754 1292 1839 quod
1318 1776 1392 1818 cum
1407 1770 1528 1820 Monkish

350 1857 448 1922 vellet
465 1861 560 1943 pater
582 1858 653 1940 ejus
674 1856 818 1942 experiri
841 1863 956 1920 utrum
982 1855 1025 1919 ad
1049 1856 1157 1920 Deum
1180 1863 1241 1921 aut
1267 1857 1310 1920 ad
1334 1878 1394 1921 sae-
1407 1837 1568 1969 {nffilffg‘g

350 1959 458 2023 culum
487 1965 573 2024 esset
596 1958 808 2035 declinatura,
839 1959 951 2043 posuit
977 1979 1017 2022 ex
1045 1980 1113 2021 una
1138 1964 1232 2043 parte
1259 1958 1395 2022 triclinii

352 2062 624 2137 sui,diversa1·um
649 2061 887 2146 possessionum
914 2065 1127 2139 ornamenta3
1150 2082 1192 2124 ex
1211 2060 1277 2125 alia
1302 2065 1396 2145 parte

352 2163 463 2227 calices
499 2169 534 2227 ct
572 2163 762 2249 Evangelia,
795 2161 872 2226 inde
906 2162 1050 2225 armillas
1079 2167 1113 2227 et
1144 2163 1287 2241 monilia,
1318 2163 1397 2227 illuc

352 2261 512 2352 pristicla¹
545 2265 639 2350 virgo
663 2265 791 2330 nutrice
817 2264 919 2329 allata
944 2265 1083 2350 jubetur
1109 2286 1183 2349 quae
1208 2265 1310 2330 vellet
1340 2265 1397 2329 eli-

354 2372 450 2453 geret.
510 2367 557 2430 At
587 2367 659 2453 ipsa
688 2366 840 2431 manibus
871 2367 1037 2451 reperiens
1068 2366 1251 2455 Evangelia
1281 2389 1398 2453 appre-

354 2468 476 2547 hendit,
500 2491 598 2553 quam
621 2475 715 2554 pater
737 2468 938 2545 deosculans,
966 2476 982 2502 “
999 2467 1120 2545 Vade,''
1150 2469 1269 2555 inquit,
1301 2478 1318 2504 “
1333 2492 1398 2554 quo

356 2577 372 2605 ‘¹
393 2576 426 2635 te
441 2576 538 2635 vocat
554 2568 732 2649 Divinitas,
749 2593 882 2656 sequere
906 2570 1014 2634 fausto
1036 2570 1119 2654 pede
1142 2570 1199 2655 qui
1222 2577 1255 2635 te
1278 2569 1399 2636 ducit.'’

357 2670 469 2756 Sicque
495 2672 703 2757 postmodum
736 2672 825 2737 facta
854 2678 905 2737 est
930 2670 1097 2748 monacha,
1125 2693 1223 2756 quam
1255 2695 1321 2736 non
1352 2695 1400 2738 re-

361 2774 552 2838 summant²
575 2775 694 2861 regalis
716 2774 879 2861 prosapia,
903 2775 1084 2860 quinetiam
1115 2795 1223 2839 saccos
1253 2797 1399 2840 sororum

358 2896 485 2940 suarum
508 2874 667 2940 densete
690 2876 832 2941 latenter
854 2875 1024 2962 surripuit,
1050 2881 1085 2940 ct
1108 2875 1194 2941 lotos
1217 2883 1399 2963 unctosque

359 2977 436 3043 clam
458 2978 649 3063 reportavit.

401 3220 539 3286 inclitus
558 3221 663 3307 igitur
685 3243 721 3286 ac
740 3219 973 3286 devotissimus
996 3242 1056 3284 rex
1082 3219 1275 3301 Edwardus,
1292 3221 1400 3286 dictus
1414 3225 1572 3304 securitate-

361 3323 477 3404 Senior,
509 3346 567 3389 sex
602 3324 719 3388 habuit
743 3323 836 3398 filios,
868 3344 1009 3407 quorum
1040 3327 1183 3407 quatuor
1213 3324 1399 3388 extiterunt
1410 3293 1554 3411 {¹0⁰,¹,¹,‘},f„{}¹⁶

361 3427 550 3514 sceptrigeri.
609 3426 661 3489 Ex
676 3425 781 3491 nobili
800 3424 944 3502 foemina,
963 3423 1114 3510 ngyna
1128 3425 1269 3502 nomine,
1285 3425 1554 3490 Athel-u1000⁸⁸olm

361 3540 487 3593 stanum
506 3529 624 3592 habuit
639 3533 674 3592 et
689 3526 867 3590 Elfredum.
911 3525 1072 3603 Elfredus,
1094 3548 1191 3611 quem
1214 3532 1309 3613 pater
1334 3549 1402 3612 prae
1414 3494 1568 3544 dmm

361 3631 481 3695 caeteris
505 3630 670 3717 paternali
697 3650 805 3693 amore
828 3629 957 3705 dilexit,
980 3629 1121 3715 ipsomet
1141 3631 1403 3717 sceptrigerante,

362 3733 505 3819 exemplo
531 3732 621 3796 beati
643 3731 754 3796 David
776 3730 871 3817 regis,
893 3731 949 3816 qui
977 3731 1120 3797 Domino
1147 3731 1267 3819 super³
1293 3735 1404 3797 omnia

361 3835 479 3919 gratias
508 3835 577 3921 egit
608 3855 646 3898 eo
677 3833 765 3917 quod
796 3833 916 3897 meruit
954 3834 1060 3919 seipso
1089 3835 1268 3921 superstite
1297 3836 1403 3900 filium
1416 3850 1458 3900 sot
1473 3853 1501 3898 ιτ
1514 3864 1537 3898 a.

363 3957 452 4001 suum
484 3937 520 4000 in
546 3936 627 4001 solio
651 3941 788 4020 paterno
815 3934 1014 3999 residentem
1041 3937 1161 4015 videre,
1189 3938 1345 4002 inunctus
1368 3940 1404 4003 in

362 4058 465 4123 regem
488 4061 526 4103 ac
546 4043 719 4103 coronatus
735 4043 792 4101 est.
840 4036 905 4101 Sed
925 4038 1012 4102 idem
1036 4038 1189 4103 Elfredus
1210 4062 1277 4104 non
1298 4042 1404 4107 multo

364 4146 432 4224 post
453 4141 622 4226 superfuit.
670 4138 875 4204 Moriebatur
898 4139 988 4202 enim
1014 4147 1190 4225 autequam
1211 4149 1306 4229 pater
1326 4166 1403 4208 suus

363 4249 486 4307 naturae
516 4242 649 4306 functus
673 4241 719 4304 sit
744 4262 886 4305 munere.
933 4241 1151 4308 Athelstanus
1181 4246 1268 4330 patri
1298 4247 1404 4330 primo

364 4345 510 4408 successit
530 4343 566 4406 in
589 4364 734 4428 regnum.
781 4342 833 4406 Ex
856 4342 964 4428 prima
985 4365 1089 4408 uxore
1111 4367 1177 4423 sua,
1196 4346 1323 4410 Elfleda
1346 4370 1405 4412 no·

364 4446 456 4522 mine,
478 4445 562 4509 duos
592 4445 710 4509 habuit
739 4444 832 4521 filice,
862 4445 1019 4510 videlicet
1053 4446 1313 4527 Ethelwardum,
1344 4451 1403 4534 qui

365 4553 436 4612 aute
458 4552 589 4633 patrem
613 4547 714 4610 morti
738 4546 871 4624 obediit,
888 4553 922 4611 et
943 4547 1143 4633 Edwynum.
1190 4551 1243 4614 Ex
1263 4551 1406 4616 secunda

365 4668 468 4727 uxore,
494 4650 577 4714 duos
601 4648 727 4713 habuit
748 4649 886 4735 genitos,
912 4650 1077 4728 videlicet,
1101 4633 1321 4732 Edmundum,
1347 4654 1404 4738 qui

395 4998 400 5028 ¹
409 4996 538 5062 pristiclu]
554 4997 598 5046 Sic
609 4996 636 5045 in
645 4996 702 5047 MS.
939 4999 1045 5064 'auper]
1061 4998 1116 5050 MS.
1128 5001 1200 5049 reads
1211 5016 1295 5064 supro.

393 5075 572 5141 hosammont]
587 5076 631 5126 Sic
643 5077 670 5125 iu
682 5076 741 5129 MS.

1249 5176 1275 5222 Η
