3817 6450
512 1170 552 1232 tt
885 1176 986 1225 arsen
1011 1175 1057 1224 ns
1080 1172 1185 1224 arus

343 1375 410 1427 Al).
424 1379 495 1429 sss?
510 1388 673 1449 magnam,
703 1365 814 1450 ibique
845 1362 997 1428 saecunde
1026 1362 1184 1427 doctrinm
1215 1359 1409 1427 fructificare
1439 1357 1564 1425 meruit

510 1468 685 1556 multiplici
708 1466 843 1541 satione,
867 1472 902 1530 et
917 1466 952 1529 in
976 1464 1119 1529 filiorum
1142 1463 1322 1529 multorum
1338 1461 1562 1551 spiritualium

510 1571 746 1660 propagatione
770 1567 920 1654 gaudere.
969 1565 1094 1632 Rumor
1116 1572 1274 1652 pneterea
1289 1565 1330 1631 de
1346 1564 1433 1630 tanti
1457 1563 1565 1652 patris

511 1679 668 1761 exoptato
692 1671 847 1749 adventu,
864 1670 907 1735 ad
922 1691 1016 1735 aures
1032 1668 1229 1734 serenissimi
1253 1669 1409 1755 principis
1424 1665 1564 1746 Allredi,

511 1798 549 1841 ac
571 1775 689 1839 summi
713 1773 878 1860 pontificis
903 1771 1087 1858 Anglorum
1106 1792 1232 1837 necnon
1255 1769 1451 1859 patriarchas
1476 1768 1563 1838 can·

510 1878 693 1955 turriensis,
723 1874 862 1941 Ethredi
887 1874 1131 1962 archiepiscopi,
1163 1875 1350 1950 deveniens,
1380 1871 1565 1961 procedunt

511 1980 636 2046 concite
659 1979 766 2058 ambo,
790 1999 848 2043 rex
871 1982 906 2042 et
929 1998 1077 2042 summus
1100 1976 1254 2053 sacerdos
1270 1984 1305 2042 et
1320 1976 1413 2064 regni
1437 1973 1565 2042 nobiles

512 2085 546 2149 in
571 2103 671 2147 unum
696 2080 893 2168 conglobati,
916 2079 951 2145 in
975 2100 1144 2145 socorsum
1167 2080 1231 2145 viri
1254 2079 1325 2158 Dei,
1340 2087 1374 2145 et
1397 2100 1475 2145 eum
1498 2099 1563 2146 non

511 2187 605 2272 quasi
642 2184 815 2261 hominem,
854 2182 910 2248 sed
947 2183 1040 2268 qussi
1074 2182 1227 2269 angelum
1261 2182 1333 2259 Dei,
1371 2182 1563 2271 suscipiunt

512 2288 673 2374 Deinceps
699 2308 776 2351 vero
812 2308 921 2373 regem
949 2284 1123 2350 Allredum
1150 2291 1220 2350 tam
1258 2307 1371 2351 carum
1398 2307 1476 2352 eum
1506 2283 1564 2350 hs·

511 2391 618 2455 unisse
642 2390 756 2466 fertur,
772 2395 807 2453 et
826 2387 1032 2462 familiarem,
1048 2394 1083 2453 et
1106 2387 1325 2466 notissimum,
1342 2394 1382 2454 ut
1407 2387 1563 2475 quioquid

512 2493 637 2558 ditione
668 2492 769 2557 vellet
800 2491 912 2563 lacere,
943 2490 974 2554 ei
1005 2490 1220 2578 permitteret,
1245 2490 1367 2579 absque
1397 2491 1466 2558 ulla
1489 2511 1565 2557 oon·

511 2597 716 2663 tradictione.

345 2725 485 2777 Accurrit
557 2699 622 2779 Qui
658 2700 792 2784 insuper
827 2719 894 2773 rex,
931 2696 1002 2761 Deo
1045 2696 1287 2775 devotissimus,
1323 2697 1489 2778 Alincum,
1526 2703 1566 2766 ut

344 2795 488 2910 iiim,
511 2805 574 2868 viri
602 2803 664 2867 Dei
703 2800 888 2866 Grimbsldi
914 2802 1127 2866 sanctitatem
1154 2806 1189 2866 et
1215 2803 1411 2888 sapientiam
1438 2803 1565 2870 cnud&

491 2898 704 2980 'notificaret
731 2904 901 2970 consilium
931 2925 973 2968 ex
997 2910 1069 2968 tota
1093 2903 1215 2991 Anglis
1240 2906 1423 2992 praesulum,
1448 2913 1483 2972 et
1509 2905 1565 2972 ab·

513 3010 636 3080 batum.
668 3013 703 3072 et
733 3006 893 3071 nobilium
924 3007 1080 3083 virorum,
1112 3007 1146 3071 in
1179 3005 1491 3098 londoniamque
1514 3017 1565 3078 est

513 3111 700 3199 metropolis
731 3111 835 3176 totius
866 3111 991 3187 insulae,
1022 3110 1227 3177 coadunavit.
1273 3112 1423 3180 Adunsti
1454 3113 1565 3202 inque

513 3216 683 3304 pontifices
719 3237 792 3280 cum
825 3213 1008 3288 abbatibus
1044 3213 1219 3281 abbatisam
1255 3239 1329 3282 cum
1361 3216 1565 3293 monialibus,

513 3319 639 3383 nobiles
664 3340 737 3382 cum
765 3317 991 3395 mediocribus,
1017 3339 1109 3382 senes
1134 3339 1207 3383 curn
1230 3319 1427 3404 junioribus,
1453 3320 1566 3386 laudes

514 3422 659 3507 undique
691 3420 822 3485 Christo
853 3420 1105 3496 concinnebant,
1129 3428 1162 3485 et
1186 3420 1294 3487 dulcia
1324 3423 1486 3511 colloquia
1508 3446 1566 3513 pro

514 3525 691 3589 ¹uuictitatc
726 3531 760 3588 et
792 3523 954 3610 sapientia
987 3525 1093 3588 sancti
1129 3526 1232 3610 patris
1265 3525 1449 3593 Grimbnldi
1481 3547 1566 3595 snae·

516 3629 607 3693 bunt.

563 3727 661 3791 Undc
692 3727 819 3792 carnotis
849 3728 1171 3807 circumsedentibus,
1202 3736 1237 3795 et
1267 3732 1411 3797 rnsxinre
1434 3754 1454 3799 s
1478 3732 1568 3821 Rege

517 3840 551 3897 et
581 3830 820 3917 archiepiscopo
851 3839 984 3896 sanetus
1015 3831 1227 3898 Grimbaldus
1258 3841 1399 3921 rogatus,
1430 3836 1569 3903 mritste

518 3933 740 4022 ‹ompellente‚
765 3954 945 3998 sermonem
970 3935 1133 4012 dissemit,
1156 3936 1198 4000 sd
1222 3936 1406 4003 futurorum
1431 3938 1568 4005 releren-

518 4041 596 4104 dum
631 4037 819 4103 utilitatem.
877 4037 965 4101 Num
999 4039 1137 4125 insignis
1168 4046 1262 4127 pater
1292 4039 1514 4119 Grimbsldus,
1535 4048 1570 4109 et

519 4150 629 4206 orator
651 4141 789 4227 egregiui
812 4140 926 4217 lundis,
951 4141 1097 4219 ultimus,
1121 4143 1287 4228 gravitate
1309 4152 1441 4209 semu
1455 4152 1490 4211 et
1505 4146 1571 4211 oris

519 4245 692 4327 ‹limritute
716 4242 835 4308 leniter
858 4249 892 4305 et
915 4244 1089 4330 sapienter.
1113 4245 1159 4309 sic.
1182 4266 1317 4310 exorsus
1339 4252 1390 4311 est
1413 4245 1571 4335 loqui:-

654 4512 815 4600 sequitur
839 4514 954 4579 ‚sernia
979 4512 1065 4580 beati
1084 4514 1276 4581 Grinrbuldi
1300 4515 1435 4584 alanus

354 4670 509 4724 fffimbalur„
559 4664 576 4680 ‘¹
598 4655 643 4710 Ad
662 4656 726 4719 hoc,
748 4658 852 4711 fratres
873 4670 902 4710 et
920 4656 1040 4719 domini,
1061 4674 1160 4711 ornnes
1179 4676 1230 4713 nos
1249 4677 1266 4713 a
1284 4659 1408 4714 Domino
1428 4658 1490 4715 neo
1507 4678 1574 4717 nns-

355 4744 456 4792 uddress
525 4746 542 4766 ¹⁶
563 4754 608 4794 tro
627 4741 695 4795 furti
714 4758 825 4799 sumus.
846 4751 879 4795 ut
897 4741 1039 4795 creaturis
1058 4743 1172 4796 canteris
1193 4743 1221 4798 in
1243 4743 1296 4799 hoe
1317 4743 1424 4799 mundo
1442 4744 1572 4803 donise-

354 4809 460 4922 ¹⁰¹¹¹‘⁴',¹
526 4836 543 4849 ¹·
566 4843 639 4879 mur.
687 4824 745 4878 Sed
771 4842 822 4896 per
854 4835 1004 4895 peceatum
1034 4827 1062 4879 iu
1091 4827 1185 4897 priruo
1213 4840 1331 4899 parente
1357 4840 1454 4884 nostro
1479 4828 1573 4905 lspi'

355 4877 470 4928 ΟΜΝΗ·
526 4920 544 4934 ’·
566 4928 676 4967 sumus.
697 4926 722 4961 cr
745 4910 773 4962 iu
793 4911 895 4962 mortis
915 4909 1113 4963 liu-ruditatem
1133 4930 1232 4967 omnes
1252 4912 1419 4968 recidimus.
1458 4912 1574 4989 Quippe

991 5143 995 5169 ¹
1011 5140 1073 5199 MS„
1085 5139 1145 5192 lass.
