3817 6450
792 1199 978 1248 Arrnumn
1344 1192 1403 1256 291

361 1380 428 1464 ipse
451 1386 485 1444 et
509 1386 640 1445 statura
672 1383 816 1467 corporis
851 1407 1004 1468 procerus
1037 1389 1071 1448 et
1106 1385 1209 1448 animi
1245 1385 1410 1450 industria

359 1490 501 1559 ornatus,
517 1486 573 1547 sed
597 1487 782 1550 temeritate
805 1491 905 1570 utque
927 1488 1064 1550 audacia
1080 1488 1266 1573 pernimius.
1314 1489 1410 1568 Quod
1422 1502 1556 1552 William’s

358 1586 495 1650 audiens
519 1587 712 1667 Willelmus,
732 1590 848 1654 Comes
865 1591 1088 1668 Normanniac,
1105 1614 1163 1677 per
1186 1592 1409 1656 internuntios
1422 1572 1573 1687 &mim

359 1690 491 1772 pacifice
513 1713 588 1754 eum
612 1693 741 1776 pulsare
765 1693 903 1769 studuit,
918 1699 957 1757 ut
969 1701 1248 1759 sacramentorum
1271 1695 1307 1758 in
1322 1694 1409 1758 Nor-

359 1793 493 1856 mannia
522 1802 688 1879 gestorum
723 1797 939 1874 reminiscens,
976 1798 1084 1862 foedns
1115 1798 1202 1882 quod
1235 1800 1409 1882 juraverat

359 1896 564 1979 persolveret,
597 1900 759 1983 sciretque
782 1900 960 1964 certissime
988 1900 1015 1962 si
1050 1899 1232 1985 negligeret
1254 1922 1322 1963 non
1346 1899 1409 1963 sibi

359 2019 507 2083 prospere
531 2023 703 2075 cessurum.
760 2002 888 2081 Quibus
923 2002 1055 2080 auditis,
1078 2003 1251 2067 remandat
1286 2002 1408 2066 Horol-

358 2100 420 2164 dus
443 2101 477 2164 N
479 2124 711 2168 ormnnnorum
734 2105 924 2169 societatem
947 2127 1015 2169 non
1038 2127 1107 2169 esse
1122 2105 1241 2192 Anglis
1264 2127 1409 2170 necessa-

358 2203 450 2284 riam,
466 2210 499 2269 et
522 2206 597 2270 idco
620 2207 749 2271 nullum
772 2208 803 2271 ei
820 2207 1047 2291 juramentum
1071 2207 1264 2293 persolvere,
1278 2208 1408 2272 nullum

358 2328 432 2369 curn
464 2330 502 2372 eo
536 2310 736 2374 consortium
766 2310 909 2388 habere;
932 2310 1051 2374 videns
1085 2310 1191 2397 igitur
1222 2311 1409 2376 Willclmus

357 2414 485 2473 tantam
508 2411 543 2474 in
559 2414 631 2475 viro
654 2414 856 2477 obstantiam
880 2417 1078 2498 tantumque
1102 2413 1209 2476 divini
1241 2418 1408 2498 respectus

356 2519 591 2599 contemptum,
616 2515 749 2580 classem
772 2538 831 2601 per
854 2515 1097 2579 Normanniam
1122 2516 1232 2600 parari
1255 2516 1403 2590 mandat,

357 2615 544 2703 vicinosque
567 2618 730 2704 principes
753 2619 796 2682 ad
834 2618 1064 2682 ulciscendam
1095 2623 1229 2681 tantem
1255 2617 1405 2682 rebellio-

356 2719 406 2782 nis
433 2722 602 2785 audaciam
627 2723 756 2785 invitat.
795 2721 897 2784 Fama
919 2721 1034 2804 itaque
1058 2741 1250 2805 percurrens
1273 2720 1402 2785 vicinas

356 2822 486 2887 intonat
508 2825 665 2910 regiones,
690 2825 898 2887 Normannos
931 2822 1055 2886 scilicet
1077 2823 1172 2887 classi
1204 2824 1338 2887 studere
1370 2828 1406 2887 et

356 2924 480 2988 viribus
503 2926 662 3010 Angliam
685 2927 770 2990 velle
793 2926 982 3011 irrumpere.
1060 2925 1125 2989 Dei
1159 2926 1282 2989 etenim
1317 2934 1405 2990 nutu

355 3028 533 3091 multorum
564 3031 603 3094 tit
636 3050 810 3093 concursus
841 3028 1048 3113 populorum,
1076 3029 1163 3091 ultro
1196 3052 1230 3093 se
1262 3029 1406 3092 navibus

355 3131 581 3216 ingerentium,
606 3132 663 3215 qui
694 3132 869 3195 audierant
902 3131 1059 3217 Angliam
1094 3132 1226 3215 urgenti
1262 3137 1296 3195 et
1329 3132 1403 3194 auri

353 3235 504 3298 omnibus
527 3235 728 3320 opulentum,
752 3235 817 3299 cibi
844 3239 878 3299 et
902 3240 1001 3320 potus
1034 3233 1246 3317 omniumque
1269 3234 1402 3320 frugum

354 3337 560 3414 uberrimam,
585 3338 737 3402 omnibus
760 3342 921 3424 praeterea
942 3336 1040 3400 bonis
1062 3358 1132 3400 esse
1154 3335 1317 3404 refertam.

398 3538 496 3601 Anno
531 3539 573 3602 ab
608 3539 839 3603 Incarnatione
883 3537 1020 3602 Domini
1053 3535 1197 3601 M⁰va1⁰
1249 3536 1324 3623 [stc
1356 3537 1406 3602 for
1422 3559 1531 3623 Appen-

354 3641 487 3724 linitur]
506 3642 660 3726 apparuit
681 3643 717 3704 in
738 3641 771 3704 N
774 3640 946 3704 ormonnia
967 3643 1094 3703 cometa
1115 3661 1226 3703 mense
1242 3641 1404 3725 Auguste,
1418 3625 1542 3743 {21⁰5ssss

353 3744 533 3807 maximum
550 3745 759 3808 cernentibus
782 3744 946 3810 incutiens
961 3744 1122 3821 timorem,
1138 3744 1311 3829 radiosque
1331 3765 1406 3808 snos
1418 3760 1572 3837 Normandg.

353 3867 465 3910 vorsus
488 3848 646 3934 Angliam
671 3849 876 3926 extendens;
899 3847 1013 3911 eodem
1047 3851 1194 3932 tempore
1218 3847 1406 3911 Willelmus

354 3947 477 4026 Comes,
493 3957 689 4036 congregato
706 3953 852 4015 exercitu
879 3950 1043 4034 classeque
1067 3957 1192 4035 parata,
1209 3950 1295 4014 circa
1317 3950 1406 4014 festi-

354 4051 491 4116 vitatem
522 4054 635 4117 Sancti
671 4054 838 4118 Michaelis
870 4054 982 4117 ventis
1014 4053 1087 4116 vela
1120 4053 1339 4132 committens,
1371 4054 1405 4116 in

353 4154 508 4239 Angliam
548 4158 783 4234 transvehitur,
817 4154 973 4240 nulloque
1011 4155 1194 4234 resistente,
1219 4155 1306 4220 inter
1340 4155 1573 4236 duotnnuingol

350 4263 464 4334 castra,
483 4258 663 4345 Hastinges
689 4266 789 4346 atquc
813 4258 1067 4335 Pevenesellum,
1083 4264 1205 4322 terram
1222 4258 1403 4344 Anglorurn
1419 4237 1533 4353 {ffi‘ffm
1544 4304 1571 4354 in

350 4359 544 4443 ingreditur,
562 4365 613 4425 eui
629 4365 675 4426 rei
692 4363 916 4448 astipulantur
931 4384 1044 4426 versus
1064 4361 1113 4424 illi
1138 4383 1218 4447 quos
1235 4361 1404 4425 dominum
1418 4370 1543 4434 langland

353 4461 571 4528 Lunfraneum
587 4488 624 4528 co
640 4472 786 4551 tempore
804 4466 915 4528 ferunt
938 4464 1058 4528 fecisse.
1101 4464 1189 4527 Sunt
1205 4469 1316 4527 autem
1340 4461 1404 4525 hii:

462 4578 476 4600 “
494 4568 591 4631 Anno
624 4569 755 4633 milleno
789 4590 950 4653 sexageno
973 4588 1102 4650 quoque
1134 4587 1211 4629 seno

464 4676 482 4701 “
496 4670 680 4755 Anglorum
703 4677 790 4734 mete
813 4671 963 4733 flammas
985 4691 1114 4733 sensere
1138 4665 1304 4732 comctru.'’

394 4771 516 4835 Eodem
540 4780 686 4859 tempore
723 4772 904 4851 Haroldus,
928 4793 988 4835 rex
1013 4771 1209 4856 Anglorurn,
1234 4771 1269 4832 in
1292 4768 1539 4833 borea-Consiua

349 4874 434 4936 libus
458 4875 589 4960 Anglize
605 4878 754 4961 partibus
770 4876 980 4950 constitutus,
1000 4881 1099 4958 utque
1116 4874 1205 4958 apud
1221 4873 1403 4934 Eboracum
1417 4849 1550 4980 iidffld

346 4976 516 5040 civitatem
541 4987 655 5043 contra
678 4981 813 5043 fratrem
836 4978 995 5042 dimicans
1025 4975 1196 5041 fratricida
1230 4972 1404 5037 infeliciter
1417 4982 1539 5047 langland⁴

348 5081 459 5143 evasit.
509 5083 596 5146 Nam
620 5092 659 5147 ut
682 5090 849 5169 gestorum
882 5102 1046 5144 summam
1074 5078 1220 5142 breviter
1242 5075 1404 5161 astringu-
1419 5048 1507 5182 ξθΛόξ]

1250 5181 1315 5242 r2
