3817 6450
736 1202 839 1251 mssa
862 1202 908 1249 na
931 1201 1036 1249 aros.
1344 1187 1404 1249 181

351 1390 582 1477 Vigilantiam,
606 1393 641 1456 in
665 1390 750 1456 libro
767 1391 817 1457 Dc
833 1389 988 1455 Basilica
1010 1389 1115 1466 Petri,
1138 1389 1283 1476 capitulo
1310 1409 1408 1466 nono,
1428 1397 1495 1450 al).
1509 1404 1570 1452 sas.

351 1515 425 1557 cum
449 1516 514 1579 quo
538 1494 639 1558 etiam
663 1494 862 1558 concordant
889 1492 1023 1579 plurimi
1054 1492 1186 1577 antiqui
1215 1492 1406 1556 chronicon-

351 1601 418 1673 tea3
441 1601 533 1659 stant
557 1618 598 1660 ex
621 1602 714 1682 parte
737 1595 875 1660 sinistra
890 1596 1054 1660 refectorii
1077 1595 1183 1669 duces,
1205 1616 1279 1657 cum
1304 1594 1407 1658 totius

351 1697 443 1782 regni
469 1697 687 1782 magnatibus,
712 1719 839 1761 necnon
870 1718 943 1761 cum
976 1696 1121 1782 expulsis
1151 1695 1322 1773 canonicis
1347 1718 1406 1780 pro

351 1797 429 1883 ipsis
460 1798 586 1863 clericis
616 1799 844 1886 allegantibus.
892 1799 944 1861 Ex
969 1804 1061 1884 parte
1086 1819 1162 1862 vero
1186 1798 1323 1862 dextera
1345 1797 1405 1861 soli

351 1900 416 1965 duo
445 1901 644 1966 sanctissimi
673 1902 846 1987 pontifices
876 1902 1065 1978 astiterunt,
1090 1899 1244 1963 videlicet
1270 1906 1404 1964 sanctus

352 2002 532 2083 Oswaldus,
549 2003 763 2068 Eboracensis
786 2002 1054 2089 archiepiscopus
1071 2008 1105 2066 et
1121 2002 1295 2066 Wentanae
1318 2003 1405 2067 sedis

351 2107 496 2184 antistes,
520 2105 744 2170 sanctissimus
776 2104 1017 2183 AthelwolduS,
1055 2127 1128 2169 cum
1163 2104 1338 2182 inonachis,
1369 2110 1404 2169 et

351 2208 409 2291 pro
431 2206 510 2292 ipsis
535 2212 572 2271 ut
595 2211 834 2292 permanerent,
857 2228 965 2270 coram
993 2228 1069 2292 rege
1100 2210 1134 2270 et
1163 2206 1402 2291 archiepiscopo

351 2308 623 2394 philosophantes.
1414 2332 1457 2382 fol.
1471 2336 1539 2383 ssd.

394 2411 540 2475 Tandem
563 2417 733 2497 magnates
756 2412 850 2499 regni
872 2411 1134 2497 contemplantes
1150 2432 1183 2474 se
1202 2410 1270 2475 sore
1285 2411 1401 2491 victos,
1414 2421 1517 2487 legend
1528 2426 1559 2474 os

352 2513 507 2596 promissa
529 2514 609 2579 vitae
632 2513 862 2579 emendatione
885 2535 927 2577 ex
951 2520 1045 2599 parte
1068 2513 1266 2589 clericorum,
1291 2535 1400 2599 regem
1413 2489 1541 2607 {hrfic'ff

353 2622 385 2679 et
409 2616 692 2702 archiepraesulem
721 2615 909 2680 humillime
945 2616 1164 2700 deprecantur
1194 2621 1233 2679 ut
1262 2616 1402 2680 reintra-

353 2723 424 2782 rent
453 2718 609 2783 canonici.
678 2718 826 2797 Quorum
858 2717 1017 2803 precibus,
1049 2717 1212 2801 lacrymis,
1243 2717 1401 2803 suspiriis

353 2825 458 2884 motus
481 2820 755 2884 clementissimus
778 2841 837 2883 rex
862 2818 1011 2906 Edgarus
1027 2820 1062 2882 in
1083 2823 1156 2883 arto
1179 2820 1402 2898 constituitur,

352 2921 428 3005 quid
451 2944 551 3008 super
573 2921 634 2985 hoc
656 2943 752 3009 agere
775 2921 896 2986 debeat
927 2926 1038 2985 mente
1070 2921 1265 2986 ruminatur.
1314 2923 1404 3003 Quid

351 3026 475 3091 multat
519 3026 662 3091 Veniam
686 3026 812 3090 clericis
843 3026 904 3089 sub
927 3047 983 3112 spe
1014 3025 1161 3091 emendae
1185 3049 1402 3103 concessurus

350 3128 514 3192 licentiam
552 3127 737 3192 reintrandi
776 3127 857 3213 ipsis
895 3149 1039 3192 annuere
1078 3130 1255 3213 proposuit.
1318 3128 1402 3194 Cum

351 3230 451 3315 igitur
483 3232 684 3295 sententiam
721 3252 789 3295 suae
829 3230 1038 3295 diffinitionis
1071 3237 1142 3294 erat
1179 3231 1214 3292 in
1252 3231 1403 3315 proximo

349 3332 560 3419 proponendi,
578 3332 693 3396 audita
716 3339 765 3397 est
788 3354 855 3396 vox
872 3332 1037 3396 divinitus
1060 3330 1173 3395 afflata
1195 3331 1235 3395 de
1259 3333 1403 3418 imagine

326 3430 451 3499 ‘crucis
474 3439 614 3499 muratae
641 3432 829 3520 personans,
869 3433 1004 3499 “Absit
1031 3433 1089 3498 lroc
1118 3440 1157 3498 ct
1178 3433 1255 3519 fiat.
1303 3434 1403 3500 Absit

350 3547 364 3570 “
387 3536 444 3602 hoc
467 3544 506 3602 itt
520 3537 597 3622 fiat.
643 3537 672 3602 J
673 3536 836 3601 ralicostis
860 3536 944 3601 bene.
992 3535 1175 3601 Mitteretis
1198 3559 1271 3602 aon
1297 3537 1402 3602 bend

351 3640 456 3718 Quam
479 3639 612 3724 quidem
637 3661 748 3702 vocem
771 3638 983 3704 articulatam
1007 3639 1067 3703 soli
1092 3638 1243 3725 Edgarus
1265 3640 1402 3705 inclitus

349 3740 504 3826 princeps,
528 3745 564 3804 et
585 3745 717 3804 sanctus
739 3740 951 3825 archipraesul
977 3740 1179 3820 Dunstanus,
1204 3743 1262 3826 qui
1273 3743 1400 3826 judices

351 3863 453 3907 (ausae
491 3842 674 3906 extiterant
714 3842 931 3926 [audiverunt
948 3843 984 3926 t].
1031 3842 1085 3906 Ad
1127 3866 1226 3928 quam
1266 3846 1399 3930 quidem

350 3965 461 4009 vocem
484 3943 672 4028 stupefacti,
703 3966 763 4007 rex
787 3949 821 4008 et
844 3944 1057 4029 archipraesul
1087 3953 1281 4010 corruerunt
1303 3947 1399 4032 proni

349 4046 383 4110 in
405 4053 535 4112 terram.
584 4045 705 4111 Crateri
730 4068 807 4110 vero
831 4068 943 4111 omnes
974 4046 1147 4111 audientes
1169 4048 1258 4113 vocis
1280 4071 1397 4113 sonum

348 4149 439 4234 quasi
474 4149 601 4213 tonitru
636 4149 743 4234 magui
777 4148 968 4212 ceciderunt
998 4148 1165 4234 perterriti
1195 4149 1231 4213 in
1269 4156 1397 4215 terram.

349 4251 436 4330 Quid
451 4250 575 4337 plural
635 4249 711 4314 Vox
734 4246 877 4316 secunldo
900 4251 941 4314 de
964 4272 1056 4315 cruce
1079 4252 1249 4335 personuit
1271 4253 1340 4338 regi
1364 4260 1399 4318 et

347 4351 575 4438 archipresuli,
591 4352 652 4417 sub
673 4352 733 4418 hac
756 4353 869 4432 forma,
895 4359 912 4387 “
925 4351 1073 4437 Surpitc,
1101 4374 1143 4417 ne
1168 4353 1398 4439 eapovescotis,

347 4460 364 4490 “
387 4454 471 4540 quio
487 4452 734 4538 liodisjastitia
749 4461 778 4520 ct
790 4453 1104 4541 paratisparatis
1119 4476 1193 4519 oscae
1199 4455 1275 4520 laice
1290 4455 1400 4521 suat.”

348 4556 464 4642 Sicque
503 4556 767 4621 stabilimentum
806 4557 949 4642 suscepit
989 4556 1069 4620 ordo
1109 4558 1319 4637 monasticus,
1358 4563 1398 4622 ut

347 4657 512 4722 inhabitet
541 4658 576 4720 in
607 4658 704 4721 domo
737 4658 874 4721 Domini
905 4658 940 4721 in
978 4657 1220 4743 longitudinem
1259 4659 1397 4738 dierum,

346 4761 488 4847 maligno
519 4760 653 4824 consilio
684 4761 873 4824 clericorum
897 4760 1056 4845 dissipato
1068 4784 1076 4840 ;
1109 4765 1147 4824 ut
1169 4761 1284 4824 scribit
1308 4760 1399 4846 Vigi-

345 4862 476 4942 lantius,
501 4863 535 4926 in
560 4862 643 4926 libro
667 4863 716 4928 De
739 4861 893 4927 Basilica
916 4862 1021 4937 Petri,
1044 4863 1188 4948 capitulo
1211 4883 1306 4925 nono,

390 4968 440 5032 Ut
471 4964 587 5030 scribit
622 4964 806 5029 Willelmus
840 4964 1129 5029 Malmesbiriensis
1163 4964 1212 5028 Dc
1239 4961 1395 5047 Repibus,

347 5067 427 5133 libro
459 5066 610 5143 secundo
634 5066 874 5142 Athelwoldus,
905 5090 945 5132 ex
981 5065 1140 5130 monacho
1174 5064 1397 5131 Glastoniensi
