3817 6450
719 1189 820 1240 LIBER
844 1190 890 1239 DE
913 1188 1019 1239 HYDA.
1352 1180 1391 1241 51

166 1385 199 1435 1³.
211 1384 314 1450 lIigden
337 1379 429 1454 [haec]
459 1380 601 1437 illeoebra
624 1379 726 1435 erebro
743 1367 922 1446 visitabat)
943 1394 1065 1433 exorans
1085 1377 1180 1433 Deum
1198 1384 1232 1434 ut
1252 1378 1315 1450 ipsa
1334 1397 1395 1435 aar·

166 1455 210 1513 (⁰¹
221 1467 305 1516 ’ψ’
335 1489 403 1527 nem
422 1487 506 1526 auem
525 1469 579 1525 tali
597 1468 698 1523 morbo
719 1468 894 1538 flagellaret,
909 1484 968 1537 quo
987 1484 1104 1521 earnem
1123 1484 1206 1521 suam
1225 1469 1393 1539 castigaret,

164 1520 283 1651 3223&
336 1563 367 1612 et
383 1557 448 1629 ipse
460 1554 617 1609 mundanis
635 1553 723 1609 rebus
748 1570 934 1625 nequaquam
952 1551 1068 1607 inutilia
1089 1552 1183 1606 fieret.
1223 1553 1330 1624 Igitur,
1351 1554 1393 1608 di·
1407 1568 1518 1620 Arsada

335 1642 405 1697 vino
422 1637 568 1703 aututini
586 1639 759 1710 languorem
777 1656 830 1709 per
848 1638 957 1692 multos
982 1654 1072 1692 annos
1093 1636 1242 1701 sustinuit,
1263 1639 1318 1691 sub
1337 1657 1395 1710 qua
1406 1637 1466 1686 visit
1477 1647 1503 1687 to

335 1724 454 1781 tandem
471 1722 630 1793 desperans
649 1721 827 1777 Gornubiam
845 1721 927 1785 adiit,
948 1721 1103 1776 ecelesiam
1123 1720 1220 1775 sanati
1239 1719 1395 1788 Guerour,²
1407 1705 1541 1758 &mall-

335 1810 387 1864 ubi
418 1814 535 1865 sanctus
565 1807 724 1877 requiescit
751 1806 896 1870 Neothus‚
928 1805 1072 1870 visitavit,
1105 1810 1157 1860 aut
1193 1804 1312 1874 quidem
1340 1825 1393 1877 pro

335 1899 438 1954 morbo
457 1899 508 1953 illo
526 1896 664 1961 sedando,
685 1902 737 1951 ant
755 1895 860 1951 saltem
887 1895 1078 1950 immutando.
1117 1892 1250 1949 Tradunt
1267 1888 1394 1952 autem³

338 1995 472 2051 nonnulli
505 1988 557 2070 (nt
587 1984 745 2072 superius,
785 1983 931 2071 capitulo
966 1982 1157 2049 duodecimo
1166 1985 1201 2071 ⁴),
1233 1995 1310 2064 quod
1340 2014 1393 2066 por

337 2097 466 2146 sanctam
485 2088 715 2153 Modewennarn,
735 2088 883 2160 virginem
902 2087 1104 2153 Hiberniearn,
1124 2089 1160 2144 ab
1179 2090 1233 2144 hac
1252 2094 1334 2161 peste
1353 2090 1392 2144 ait

337 2181 466 2240 curatus,
486 2180 554 2229 voto
572 2173 691 2229 tandem
710 2172 816 2244 adepto
834 2172 973 2227 infestior
990 2189 1058 2227 eum
1076 2174 1197 2229 morbus
1216 2175 1314 2237 etiam,
1336 2174 1390 2228 sub

336 2260 448 2332 nuptiis
473 2277 491 2314 a
508 2259 649 2314 vicesimo
675 2275 769 2329 usque
794 2257 831 2314 ad
856 2255 1093 2330 sexagesimum⁸
1120 2260 1255 2332 quintum
1283 2276 1390 2315 annum

336 2344 435 2401 aerius
453 2345 639 2416 fatigaverat.

381 2428 500 2515 Sioque
524 2427 826 2495 Christianissimue
849 2448 908 2492 rex
926 2427 1111 2514 Anglorum
1134 2428 1299 2506 Alfredus,
1315 2450 1389 2494 cum
1403 2456 1514 2508 ararent

335 2553 474 2619 regnum
497 2531 560 2597 sibi
584 2553 604 2595 a
623 2530 694 2595 Deo
717 2530 983 2596 commendatum
1006 2536 1140 2597 strenue
1162 2531 1389 2619 gubernasset,
1403 2526 1546 2641 {ungnes

335 2640 370 2699 et
403 2634 607 2700 sanctissime
637 2633 776 2699 rexisset
806 2632 902 2697 annis
932 2632 1036 2700 ferme
1058 2635 1182 2721 viginti
1209 2656 1329 2701 novem
1354 2636 1389 2699 in
1403 2607 1553 2709 ιῖξῃωζζῖς.

335 2736 491 2803 vioeaimo
513 2758 601 2802 nono
631 2757 719 2801 anuo
750 2741 784 2799 et
814 2735 933 2800 ultimo
968 2736 1063 2821 regni
1086 2738 1146 2815 aui,
1170 2738 1251 2824 proh
1276 2726 1532 2843 doloritceafnygdfirst

335 2841 490 2929 primitus
521 2846 634 2905 saneto
664 2839 736 2904 viro
767 2837 971 2917 Grimbald0‚
1004 2861 1100 2905 suum
1123 2862 1182 2905 rex
1205 2843 1528 2910 clementis-Neanin-

335 2945 437 3009 simus
471 2943 602 3030 aperuit
632 2942 815 3020 consilium,
847 2947 881 3006 et
911 2963 1006 3006 auam
1037 2943 1193 3029 primitus
1227 2946 1389 3030 expressit
1401 2928 1546 3047 zfflw‘

335 3046 552 3124 voluntatem,
567 3046 608 3111 de
629 3046 871 3112 construetione
894 3045 1035 3110 ooenobii
1058 3045 1094 3109 in
1118 3047 1199 3111 urbe
1215 3046 1388 3124 Wentano,
1401 3063 1484 3126 Hyde.

335 3151 393 3217 sed
414 3152 603 3237 praeventus
626 3153 739 3225 morte,
764 3169 824 3213 rex
848 3146 1012 3236 piissimus
1043 3152 1158 3212 votum
1182 3148 1308 3213 diutins
1334 3171 1388 3213 on·
1402 3130 1469 3181 AD·
1483 3138 1539 3184 ⁹⁰⁰·

335 3255 444 3343 pitum
467 3253 599 3340 explere
622 3273 689 3317 non
711 3252 830 3338 potuit.
878 3249 983 3336 Cujus
1004 3255 1143 3315 mortem
1161 3252 1388 3317 sanctissimus

335 3361 430 3445 pater
445 3354 659 3422 Grimbaldue
691 3352 867 3419 afflictione
900 3352 996 3418 flevit
1019 3353 1277 3441 incomparabili.
1323 3355 1389 3421 sed

337 3459 512 3547 praedictus
539 3457 658 3523 nobilis
680 3479 717 3521 ao
739 3457 899 3544 gloriosus
933 3456 1084 3542 princeps
1107 3455 1272 3535 Alfredus,
1310 3465 1388 3523 ante

336 3567 475 3627 mortem
498 3561 734 3637 imminentem,
760 3564 882 3624 terram
905 3580 964 3645 pro
988 3558 1111 3645 capella
1134 3565 1168 3624 et
1195 3560 1387 3627 dormitorio

336 3665 425 3741 amit,
454 3669 488 3729 et
510 3662 580 3728 fflio
603 3683 662 3727 suo
686 3662 851 3727 Edwardo
875 3683 933 3748 pro
957 3666 1157 3727 testamento
1188 3662 1323 3748 legavit,
1349 3669 1388 3730 ut

336 3767 570 3833 monasterium
593 3771 733 3852 epatre
765 3786 823 3850 per
856 3765 1001 3850 plurima
1031 3786 1193 3830 annorum
1225 3767 1388 3834 currimrla

336 3870 594 3958 praecogitatum,
635 3867 795 3955 complere
830 3873 864 3933 et
901 3867 1041 3933 fundare
1086 3890 1153 3935 non
1199 3875 1385 3957 tepesceret.

337 3971 441 4058 enjus
474 3970 607 4057 gloriosi
630 3976 664 4035 et
691 3970 763 4035 Deo
797 3970 948 4034 amabilis
979 3971 1107 4037 Alfredi
1131 3972 1386 4054 Testamentum,

291 4087 295 4095 '
335 4077 370 4141 in
395 4075 509 4162 lingua
532 4073 695 4140 Saxonioa
717 4073 832 4160 primo,
848 4074 990 4139 secundo
1014 4075 1050 4139 in
1074 4077 1268 4164 Anglioana,
1285 4079 1386 4144 tertio

335 4179 373 4244 in
397 4178 524 4254 Latina,
547 4178 696 4264 sequitur
717 4177 753 4240 in
776 4176 864 4241 hunc
887 4177 1021 4243 modum
1037 4203 1091 4244 :—·

343 4384 558 4391 ’-Ἃ-..-
588 4383 605 4390 ..
655 4385 659 4388 .
711 4384 783 4391 -,-..
803 4385 808 4389 .
839 4385 931 4390 ...-.-.
957 4385 1002 4390 .-..
1082 4384 1384 4392 m...-

371 4527 379 4558 ¹
395 4520 523 4585 visitabat]
538 4519 569 4568 R.
582 4519 625 4578 Η..
637 4520 752 4568 uisitauit.
863 4534 866 4629 Α
917 4518 1030 4583 Ἥκω]
1044 4517 1075 4567 R.
1089 4518 1132 4578 Η.,
1144 4527 1228 4568 tumen.

370 4596 512 4648 ²ecclesium
530 4600 610 4648 sancti
624 4598 759 4663 Gaea-oua]
799 4597 838 4648 On
916 4600 924 4627 ⁴
939 4599 1032 4655 Antea,
1045 4613 1067 4660 p.
1081 4604 1119 4646 26.

335 4695 351 4728 a
373 4677 419 4726 aite
442 4678 518 4727 about
541 4678 598 4726 four
616 4679 688 4727 miles
714 4677 789 4726 Nw.
813 4677 843 4726 of
917 4678 1122 4742 5ειηαφεειίηιυη]
1162 4678 1206 4727 Sic
1223 4678 1249 4725 in
1274 4677 1328 4727 MS.
1347 4678 1386 4725 sor

337 4757 468 4813 Liekeard‚
491 4757 634 4805 afterwards
659 4757 739 4807 called
763 4757 839 4806 Neot-
882 4757 1096 4821 quadragesimum.

336 4846 407 4895 stow,
419 4837 468 4884 and
481 4851 536 4884 now
550 4836 584 4885 St.
597 4835 682 4886 Neots.
