3817 6450
780 1172 964 1222 uersuum
1131 1231 1134 1237 ,
1329 1158 1394 1221 285

348 1346 391 1410 ad
421 1352 586 1410 extremas
617 1345 733 1411 Galliae
764 1352 875 1432 partes
898 1346 1061 1410 adventus
1084 1351 1142 1426 est,
1170 1351 1268 1430 atque
1291 1345 1399 1411 Neus·
1410 1363 1560 1415 Dercentof

348 1449 455 1527 triam,
488 1470 561 1533 quae
587 1470 707 1513 oceano
731 1449 870 1513 vicinior
892 1453 972 1525 erat,
997 1448 1161 1533 ingressus
1184 1470 1256 1513 eam
1279 1447 1400 1512 crebris
1410 1430 1548 1545 {fflsski

348 1571 421 1614 cum
445 1550 539 1614 bellis
559 1550 728 1636 multoque
748 1551 907 1636 sanguine
927 1551 1100 1635 utriusque
1119 1551 1191 1613 fuso
1209 1541 1273 1613 sibi
1291 1549 1564 1634 subju-Nominum,

349 1654 451 1737 gavit,
474 1653 651 1737 multisque
676 1653 771 1717 annis
805 1653 913 1716 victor
947 1652 1100 1728 obtinuit,
1131 1673 1326 1735 novumque,
1360 1662 1400 1715 ut
1412 1629 1564 1680 st⁰¹¹¹R⁰¹¹⁰·

350 1754 571 1839 praediximus,
590 1756 716 1841 regioni
737 1776 857 1819 nomen
879 1754 1008 1817 indidit.
1055 1753 1217 1818 Defuncto
1241 1753 1399 1831 Rollione,

349 1856 437 1920 filius
467 1879 547 1921 suus
570 1856 768 1921 Willielmus
796 1857 958 1921 successit.
1016 1855 1104 1920 Huic
1137 1877 1265 1940 quoque
1297 1855 1398 1920 disce·

350 1958 440 2022 denti
472 1958 624 2023 successit
657 1959 824 2037 Ricardus,
864 1959 921 2044 qui
955 1963 1052 2021 vetus
1085 1957 1263 2023 dicebatur.
1310 1958 1399 2022 Huic

349 2062 501 2125 successit
542 2062 702 2126 Ricardus
745 2060 915 2139 secundus,
954 2060 1007 2125 cui
1045 2061 1198 2125 successit
1239 2060 1399 2125 Ricardus

350 2164 467 2228 tertius
480 2190 486 2241 ;
509 2171 543 2229 et
559 2166 679 2242 eodem,
697 2170 736 2228 ut
750 2164 852 2241 aiunt,
869 2185 966 2240 anno,
979 2162 1143 2227 Robertus
1157 2163 1259 2228 filiam
1282 2162 1396 2228 suam¹
1412 2157 1538 2223 marriage

350 2266 508 2331 vocabulo
547 2267 698 2330 Emmam
737 2265 914 2331 Ethelredo
954 2266 1025 2352 regi
1063 2265 1246 2351 Anglorum
1285 2265 1398 2329 matri·
1411 2225 1569 2356 idffiiif

350 2371 459 2433 monio
482 2369 658 2454 copulavit,
675 2369 715 2433 de
739 2392 804 2454 qua
826 2391 884 2432 rex
907 2368 996 2432 idem
1018 2367 1104 2432 filios
1126 2389 1201 2431 suos
1217 2368 1398 2432 Aluredum
1411 2357 1566 2473 wthpuel-

350 2476 383 2534 et
407 2471 606 2533 Edwardum
630 2471 810 2556 progenuit.
856 2469 1067 2534 Irruentibus
1088 2490 1167 2533 vero
1190 2470 1226 2533 in
1241 2470 1398 2555 Angliam
1411 2439 1565 2556 iidngffid.

350 2571 457 2649 Dacis,
482 2573 577 2636 ambo
608 2572 726 2636 fratres
748 2572 790 2635 ad
820 2571 1019 2636 avunculum
1050 2593 1145 2635 suum
1176 2571 1212 2634 in
1236 2571 1399 2636 Norman-
1414 2569 1497 2635 [AD.

349 2675 439 2738 niam
477 2674 702 2759 confugerunt.
751 2673 923 2757 Materque
962 2695 1082 2752 eorum,
1105 2673 1175 2759 jam
1214 2680 1307 2760 patre
1345 2675 1398 2739 de·
1411 2637 1514 2752 {iffi

349 2777 468 2852 functo,
494 2776 603 2841 Cnuto
627 2777 696 2862 regi
712 2776 875 2840 Dacorum
899 2776 996 2861 legali
1019 2782 1070 2840 est
1092 2775 1214 2840 foedere
1240 2770 1556 2888 copulatumiffiet

350 2886 448 2962 atque
486 2880 521 2941 in
553 2878 690 2941 Daciam
728 2884 841 2963 postea
879 2878 1029 2942 deducta
1076 2877 1241 2942 Robertus
1278 2884 1398 2955 autem,
1411 2848 1453 2887 Ἧι
1521 2852 1538 2885 u

350 3003 423 3044 cum
453 2980 675 3065 principatum
700 2980 913 3044 Normanniae
943 2978 1125 3063 aliquantis
1149 2980 1244 3044 annis
1267 2980 1398 3045 obtinu-

349 3083 435 3160 isset,
468 3082 643 3146 devotione
675 3088 808 3158 tractus,
832 3081 1073 3161 Jerosolimam,
1104 3087 1144 3145 ut
1173 3082 1398 3168 praediximus,

348 3185 455 3272 potiit,
487 3186 543 3269 qui
574 3184 679 3249 filium
714 3206 810 3248 snum
834 3183 1047 3261 Willelmum,
1075 3183 1153 3249 licet
1185 3183 1323 3250 nothum
1364 3191 1399 3251 et

349 3309 495 3373 parvum,
513 3288 548 3350 in
565 3309 776 3352 successorem
793 3286 1001 3351 haereditatis
1016 3286 1221 3372 principibus
1235 3309 1398 3377 commen7

350 3391 453 3454 davit.
517 3390 668 3474 Denique
713 3389 884 3453 audientes
922 3389 1189 3454 Normannorum
1235 3390 1398 3476 principes

350 3491 531 3555 Robertum
570 3491 740 3554 dominum
772 3514 869 3555 suum
907 3491 943 3554 in
977 3492 1097 3556 itinere
1129 3491 1152 3555 J
1154 3492 1398 3556 erosolimitano
1410 3502 1494 3553 Deru
1504 3504 1535 3554 os

349 3595 419 3658 vita
463 3593 642 3669 decessisse,
681 3595 835 3658 commoti
877 3600 957 3658 sunt
999 3600 1033 3658 et
1075 3593 1210 3669 efferati,
1249 3595 1395 3658 dicentes
1411 3569 1511 3688 ῧζζξη

350 3695 550 3759 Willelmum
581 3695 686 3758 filium
719 3696 789 3780 ejus
822 3717 888 3760 non
920 3717 989 3760 esse
1019 3697 1213 3782 legitimum,
1241 3717 1300 3760 nec
1334 3696 1396 3761 sibi
1411 3703 1564 3755 A·D.10³⁵·

351 3799 416 3862 ullo
447 3798 543 3861 modo
582 3797 699 3862 debere
738 3798 920 3876 dominari3
949 3798 1176 3882 conjuratione
1206 3799 1319 3884 itaque
1342 3799 1398 3863 ad·

349 3923 459 3965 versus
492 3922 566 3965 eum
604 3899 692 3964 facta
730 3901 936 3965 Normannia
967 3902 1087 3965 timore
1117 3922 1304 3987 percussum
1340 3924 1398 3966 ex-

349 4003 484 4088 pellunt,
515 4024 639 4087 suoque
670 4002 807 4087 quisque
830 4002 866 4065 in
888 4002 958 4067 loco
989 4009 1087 4087 prout
1116 4003 1243 4067 viribus
1265 4009 1397 4090 poterat

350 4105 511 4170 dominari
527 4111 704 4190 coeperunt.
745 4104 930 4169 Willelmus
945 4110 1057 4168 autem
1073 4104 1185 4168 amicis
1200 4105 1397 4170 ducentibus
1408 4117 1451 4166 fol.
1464 4119 1512 4169 ab.

349 4231 382 4272 se
398 4207 597 4272 Francorum
621 4208 689 4292 regi
711 4206 855 4271 Henrico
872 4207 1095 4292 praesentavit,
1112 4211 1147 4270 et
1170 4207 1259 4291 quod
1274 4208 1397 4272 finibus

349 4314 487 4398 propriis
517 4334 649 4376 suorum
677 4312 838 4376 violentia
866 4311 1036 4375 hominum
1067 4312 1284 4397 expelleretur
1308 4315 1486 4401 judi-Dqke

349 4416 446 4492 cavit,
485 4419 557 4477 orat
595 4414 785 4499 suppliciter
823 4413 894 4498 ejus
926 4413 1059 4499 juribus
1096 4415 1236 4500 propriae
1266 4416 1397 4480 restitui
1409 4389 1556 4506 {Xfflhe

348 4517 544 4591 haereditati,
569 4515 772 4601 spondetque
795 4537 829 4580 se
859 4516 929 4601 ejus
960 4536 1087 4602 semper
1116 4517 1297 4601 subjectum
1328 4515 1396 4582 fore
1409 4531 1511 4598 support
1521 4522 1551 4570 οἵ

349 4618 537 4683 obeditioni.
584 4617 701 4700 Itaque
725 4639 783 4681 rex
800 4618 1002 4682 Francorum
1025 4638 1112 4682 nunc
1135 4618 1292 4704 precibus,
1308 4640 1397 4685 nunc
1409 4587 1498 4717 ἓξ,
1510 4653 1539 4704 of

349 4719 623 4809 promissionibus,
655 4742 742 4783 nunc
772 4720 895 4806 pietate
925 4727 1114 4799 commotus,
1142 4742 1271 4786 omnem
1302 4744 1336 4786 se
1366 4720 1506 4787 eiFffl’oe

384 4935 466 4982 ¹This
485 4935 568 4982 clause
588 4934 618 4981 of
633 4934 675 4982 the
696 4941 812 4982 sentence
824 4935 846 4982 is
898 4934 1010 4984 Richard
1028 4935 1172 4984 11.-Wi11.
1190 4935 1397 4986 Gemmeticeusis

350 5014 483 5076 obviously
503 5012 646 5074 misplaced
681 5012 772 5060 Emmu
795 5029 846 5062 was
899 5013 1017 5063 Historia
1045 5014 1237 5063 Nonnannorum
1270 5014 1335 5064 liber
1364 5033 1398 5079 ι,

349 5091 472 5156 daughter
483 5093 513 5140 of
520 5090 631 5141 ltichard
643 5090 664 5140 Ι.
676 5093 726 5141 und
737 5093 810 5141 sister
821 5093 851 5141 of
900 5109 923 5143 c.
935 5101 951 5143 4
963 5094 1014 5157 (ed.
1023 5094 1166 5156 Duehesne,
1177 5096 1248 5159 250).
