3817 6450
627 1168 730 1216 LIBER
752 1168 798 1215 DE
821 1164 927 1214 HYDA.
957 1240 959 1245 .

623 1418 806 1506 [Onasrsn
829 1419 937 1505 xvi]

264 1593 449 1684 [Otroaiclc
466 1592 506 1679 of
523 1591 573 1658 tte
595 1590 705 1676 Reipo
727 1591 766 1675 of
785 1590 885 1675 Χίης]
900 1574 1076 1669 Edmuad,
1097 1589 1206 1655 called
1233 1590 1311 1655 “tte

709 1692 853 1777 Min]
1326 1745 1479 1824 cmvar.

305 1864 436 1927 Mortuo
458 1861 546 1947 apud
569 1858 782 1925 Gloverniam
805 1880 880 1944 rege
903 1858 1168 1924 victoriosissimo
1190 1860 1309 1924 Athel-
1324 1813 1465 1932 diffidi.

266 1972 361 2043 siano,
378 1965 452 2029 xvi0
466 1963 561 2049 regni
584 1963 635 2027 sui
657 1983 753 2040 anno,
777 1967 812 2026 et
834 1962 921 2046 apud
937 1962 1074 2042 Madulf,
1091 1963 1127 2026 id
1150 1968 1209 2040 est,
1226 1962 1309 2025 Mal·
1336 1947 1402 1996 nl).
1416 1954 1472 1999 ⁹⁴⁰·
1565 1991 1567 1996 ·

266 2068 465 2151 mesbiryam,
489 2064 625 2151 sepulto,
650 2064 845 2127 Edmundus
867 2064 970 2128 frat-er
992 2064 1062 2149 ejus
1084 2067 1240 2129 successit
1274 2065 1310 2127 in
1323 2030 1458 2147 {2212ssss

266 2191 403 2257 regnum,
427 2168 613 2232 adolescens
635 2166 763 2232 circiter
785 2167 894 2231 decem
917 2172 952 2231 et
975 2173 1049 2232 octo
1072 2191 1244 2233 annorum.
1324 2165 1441 2241 and'suc-

305 2272 414 2356 Hujus
437 2270 607 2335 Edmundi
629 2276 786 2355 tempore,
814 2268 1104 2355 Northauhymbri
1126 2272 1307 2336 rebellavc-
1324 2232 1464 2346 {efficis

267 2380 346 2452 runt,
371 2370 569 2438 Alanafum¹
595 2373 635 2436 de
660 2371 824 2436 Hibernia
847 2378 1053 2450 revocarunt,
1077 2395 1174 2458 quem
1193 2379 1306 2439 tamen
1325 2389 1487 2453 Conquestof

267 2497 317 2541 rex
340 2475 543 2554 Edmundus,
566 2497 634 2539 una
655 2495 730 2538 cum
754 2473 936 2558 ReynaldO,
952 2474 1022 2538 filio
1038 2474 1235 2556 Gurmundi‚
1254 2477 1308 2541 de-
1323 2455 1460 2571 mg?

253 2651 254 2654 Ἴ
268 2578 341 2643 vicit
356 2584 391 2642 et
406 2577 582 2662 exlegavit
599 2575 942 2666 Northanhymbriam
960 2577 995 2640 in
1011 2579 1141 2663 proprio
1163 2579 1309 2643 dominio
1324 2589 1447 2638 eumber-

268 2681 392 2765 recepit,
415 2684 540 2744 terram
572 2679 612 2743 de
637 2676 860 2769 Cumberlond
891 2678 1107 2744 rebellantem
1141 2681 1311 2759 contrivit,
1325 2656 1392 2704 land.

269 2804 360 2867 quam
383 2780 555 2845 Malcolmo
578 2778 649 2865 regi
665 2779 786 2844 Scotiae
809 2780 957 2858 tradidit,
973 2781 1022 2845 ita
1036 2788 1076 2846 ut
1098 2782 1162 2846 sibi
1185 2783 1311 2848 auxilio

150 2888 243 2967 locus
269 2882 384 2969 ubique
407 2884 499 2948 foret.
546 2882 589 2946 In
610 2880 672 2945 hac
694 2881 914 2967 expeditione,
938 2889 976 2948 ut
999 2882 1142 2965 videtur,
1165 2908 1224 2950 rex
1248 2886 1315 2949 Ed-

150 2961 225 3086 ffl}
269 2987 406 3051 mundus
429 2986 555 3072 accepit
576 3005 685 3048 secum
708 3006 780 3048 ossa
804 2983 944 3049 Galfridi
967 2986 1105 3064 abbatie,
1138 2993 1173 3051 et
1201 2987 1313 3052 Hildae

270 3086 446 3168 abbatissae,
474 3093 509 3151 et
540 3086 663 3151 detulit
685 3107 788 3170 usque
814 3084 1028 3164 Glastoniam,
1051 3095 1086 3153 et
1116 3089 1222 3153 eidem
1246 3112 1314 3153 mo-

270 3190 405 3255 nastem'o
421 3188 570 3268 tradidit,
588 3192 627 3252 ut
645 3187 760 3253 scribit
777 3187 973 3274 Ranulphus
992 3189 1182 3270 Oestrensis,
1199 3191 1234 3255 in
1255 3213 1313 3255 suo

270 3291 540 3377 Polychrooicoa,
563 3290 649 3355 libro
672 3296 775 3366 sexto,
799 3291 944 3376 capitulo
968 3292 1115 3378 septimo.

310 3394 362 3471 Et,
383 3401 423 3458 ut
444 3393 559 3458 scribit
573 3392 742 3456 Marianus
758 3392 883 3471 Scotus,
899 3393 936 3456 in
954 3391 1125 3458 Chronico
1148 3415 1216 3471 sua,
1230 3395 1314 3460 libro
1329 3405 1409 3455 Other

270 3496 314 3577 iio,
325 3498 388 3561 iste
399 3497 538 3583 insignis
552 3517 612 3559 rex
624 3494 820 3559 Edmuodus
834 3495 1056 3559 nobilissimas
1070 3494 1224 3561 civitates
1237 3496 1315 3561 Lin-
1327 3472 1443 3589 ζ’,ῗξῗξζ

270 3599 346 3679 coln,
360 3598 600 3684 Snotyngham,
617 3596 813 3682 Derbeyam,
827 3596 1049 3675 Staffordiam,
1067 3598 1313 3684 Legecestriam,
1328 3606 1420 3656 Danes.

270 3722 346 3786 quas
370 3707 505 3766 eatenus
528 3699 616 3763 Dani
639 3700 761 3785 pagani
783 3699 997 3780 incoluerant,
1022 3701 1062 3765 de
1085 3703 1237 3766 manibus
1264 3724 1316 3767 eo-

271 3825 339 3868 rum
363 3804 515 3880 extorsit,
540 3808 574 3867 et
596 3802 669 3866 luce
692 3801 769 3892 fidei
791 3801 981 3868 illustravit.
1028 3803 1116 3868 Nam
1131 3803 1257 3869 Anelaf
1275 3808 1315 3871 de

271 3928 356 3972 sacro
379 3907 471 3971 fonte
494 3904 630 3982 levavit,
648 3905 753 3989 magis
768 3904 896 3968 viribus
919 3905 1089 3970 cedentem
1112 3928 1211 3992 quam
1234 3930 1317 3993 prse-

271 4007 422 4073 dicationi
453 4008 648 4073 credentem.
696 4006 762 4070 Hic
792 4028 922 4091 quoque
949 4008 1032 4088 Rex,
1059 4009 1193 4074 oonsilio
1223 4011 1317 4076 Dun-

271 4111 362 4188 stani,
397 4109 573 4175 statuenda
606 4108 732 4185 statuit,
757 4109 947 4194 corrigenda
979 4111 1131 4191 correxit,
1154 4120 1317 4177 monaste·

270 4212 352 4277 rium
375 4212 611 4297 Glastyngesse
633 4211 730 4275 rebus
753 4215 788 4274 et
810 4211 959 4295 personis
982 4212 1180 4279 nobilitavit.

312 4315 384 4381 Rex
407 4316 478 4395 iste,
502 4319 541 4378 ut
563 4314 711 4379 scribunt
734 4312 891 4378 Alfredus
914 4320 948 4378 et
972 4315 1148 4394 Marianus,
1176 4318 1316 4403 septimo
1329 4334 1433 4383 nrurder
1443 4333 1474 4382 of

270 4419 359 4505 regni
381 4418 432 4483 sui
455 4439 551 4497 anno,
567 4417 646 4480 dum
663 4415 848 4502 dapiferum
871 4439 967 4481 suum
984 4417 1192 4482 demonibus
1215 4441 1314 4482 aemu-
1329 4401 1446 4448 ¹⁴³d¹¹¹¹¹¹¹d
1461 4407 1487 4449 “t

270 4519 373 4586 lorum
396 4542 530 4585 suorum
560 4518 701 4604 arripere
723 4518 834 4598 vellet,
871 4518 1063 4585 interfectus
1094 4526 1145 4585 est
1177 4519 1219 4584 ab
1251 4521 1315 4586 illis
1329 4467 1425 4581 illdlcll
1439 4532 1465 4580 in

270 4623 354 4709 apud
370 4620 620 4706 Pukylchirohe.
666 4619 733 4704 Sed
749 4620 935 4685 Willelmus
952 4621 1249 4699 Malmesbiriensis,
1265 4623 1314 4686 Dc
1328 4600 1487 4715 {moestor-

270 4723 423 4809 Repibus,
439 4724 524 4788 libro
547 4722 697 4801 secundo,
722 4722 803 4787 dicit
819 4724 908 4809 quod
932 4746 1008 4811 rege
1032 4717 1216 4800 Edrriundo,
1240 4746 1316 4788 con-

270 4827 405 4892 vivante
427 4829 463 4890 in
485 4826 569 4891 festo
602 4825 707 4890 sancti
730 4823 921 4912 Augustini,
945 4828 1033 4913 apud
1064 4825 1316 4911 Pukylchirche,

271 4929 346 4994 dum
363 4929 497 5015 quidam
513 4926 725 5004 latrunculus,
751 4927 835 4993 Leof
856 4930 998 5008 nomine,
1015 4950 1112 5014 quem
1129 4928 1201 4991 Rex
1217 4927 1316 5011 prius,

716 5187 724 5216 ¹
740 5187 784 5238 Sic
796 5188 822 5237 in
835 5187 893 5237 Ms.
