3817 6450
639 1133 741 1221 mann
763 1174 810 1221 us
833 1172 938 1221 arna
1249 1158 1312 1219 185

150 1372 199 1430 reu,
257 1362 353 1439 vixit,
375 1364 553 1445 sanctaque
577 1357 760 1422 celebratur
782 1358 871 1442 apud
887 1357 1156 1423 Wiltoniensium
1183 1360 1314 1424 Manas-
1328 1368 1396 1418 An).
1410 1373 1477 1419 aas·

150 1440 386 1569 ffiterium.
433 1463 479 1526 Et
501 1461 658 1526 asseritur
680 1460 721 1523 de
743 1459 813 1523 filia
835 1481 964 1545 quoque
989 1462 1059 1546 ejus
1076 1461 1209 1541 Editha,
1226 1462 1313 1547 quod
1378 1440 1434 1487 ⁹⁷⁵·

256 1566 315 1631 illa
339 1565 428 1652 apud
453 1562 660 1647 Wyltoniam
683 1562 944 1627 sanctimonialis
971 1564 1096 1642 effecta,
1120 1565 1315 1629 cultioribus

258 1667 438 1753 aliquando
460 1665 611 1731 vestibus
641 1686 741 1749 quam
772 1686 831 1727 sua
860 1664 1016 1749 professio
1047 1667 1236 1751 deposceret
1259 1667 1317 1730 ali·

260 1770 412 1856 quotiens
435 1775 562 1844 ornata
586 1772 621 1832 et
643 1766 685 1831 ab
712 1765 773 1831 hoc
795 1788 816 1829 a
838 1772 952 1831 sancto
974 1767 1193 1845 Athelwoldo,
1217 1768 1318 1833 Wen-

261 1880 351 1938 tanae
379 1871 525 1936 civitatis
560 1869 719 1954 episcopo,
753 1868 932 1953 increpata,
966 1872 1169 1956 respondisse
1201 1873 1316 1949 fertur,

260 1984 276 2010 ¹‘
301 1975 370 2039 Nec
393 1975 504 2059 inepte
535 1971 667 2057 quidem
698 1992 757 2034 nec
791 1970 923 2047 facete,”
957 1972 1078 2057 inquit,
1113 1973 1317 2037 “infallibile

259 2086 275 2111 ‘¹
300 2077 398 2141 debet
422 2076 586 2161 judicium
617 2073 687 2138 sola
716 2072 863 2158 operitur·
897 2075 1105 2151 conscientia,
1135 2081 1216 2161 puto
1240 2098 1316 2161 ergo

261 2189 279 2213 “
302 2179 388 2264 quod
411 2185 482 2243 tam
505 2182 620 2241 sancta
643 2181 677 2240 ct
706 2176 898 2262 incorrupta
930 2198 1023 2241 mens
1057 2179 1180 2263 poterit
1203 2179 1315 2258 latere,

262 2291 280 2315 “
303 2282 364 2346 sub
387 2281 460 2345 istis
482 2280 631 2344 vestibus
654 2278 828 2354 deauratis
859 2279 944 2342 sicut
978 2280 1039 2343 sub
1074 2281 1142 2344 tuis
1174 2281 1316 2345 discissis

262 2392 279 2417 ‘¹
303 2382 471 2469 pellibus.'’
519 2382 617 2446 Hanc
647 2380 846 2465 aliquotiens
878 2381 1084 2460 Dunstanus‚
1108 2384 1187 2447 dum
1218 2384 1474 2458 eccle-ngaror

261 2485 343 2549 siam
374 2485 540 2570 quandam
572 2488 783 2580 consecraret,
814 2483 945 2547 viderat
975 2484 1124 2570 pollicem
1160 2486 1316 2550 dextrum
1329 2461 1463 2513 Slssdsth·

261 2589 453 2673 protendere
491 2588 688 2671 frequenter,
724 2591 758 2650 ct
796 2585 927 2672 signum
961 2589 1065 2651 crucis
1102 2587 1205 2652 fronti
1248 2611 1317 2653 suae

262 2691 453 2776 imprimere,
477 2710 520 2753 ex
555 2709 619 2772 quo
651 2688 833 2752 delectatus
868 2688 1063 2752 Dunstanus
1086 2689 1122 2752 in
1156 2690 1317 2775 lacrymas

262 2793 418 2878 prorupit,
443 2793 489 2855 sio
512 2791 674 2875 inquicnS,
707 2790 811 2855 “Cito
835 2790 904 2855 haec
930 2791 1047 2855 florida
1069 2814 1141 2855 rosa
1163 2800 1237 2878 post
1259 2815 1317 2857 sex

262 2897 521 2963 “hebdomadas
545 2894 748 2961 marcescet.”
795 2895 891 2975 Quod
914 2903 948 2961 et
972 2897 1020 2961 ita
1035 2898 1181 2985 contigit.
1229 2899 1317 2963 Nam

262 3022 393 3086 corpore
426 2998 638 3085 postmodum
670 2998 710 3063 de
741 3003 831 3062 terra
860 2999 980 3076 levato,
1004 3006 1170 3085 repertum
1193 3013 1244 3064 est
1266 3007 1316 3066 to-

263 3108 333 3166 tum
356 3102 392 3165 in
414 3102 584 3187 pulverem
607 3101 798 3176 resolutum,
820 3106 941 3185 praeter
965 3100 1109 3186 digitum
1132 3103 1316 3187 praefatum,

263 3209 296 3268 ct
326 3204 447 3282 alvum,
472 3225 546 3269 cum
579 3208 702 3269 secreto
733 3202 890 3269 inferiori.
947 3203 1060 3287 Hujus
1094 3205 1142 3269 rei
1176 3227 1316 3282 causam,

264 3315 376 3371 sancto
400 3306 578 3371 Dunstano
601 3327 700 3390 super
730 3304 791 3370 hoc
822 3306 1009 3384 meditanti,
1034 3307 1105 3391 ipsa
1129 3307 1316 3392 pervisum

265 3409 425 3493 exposuit,
450 3408 570 3485 dicens,
605 3407 683 3471 “Nc
717 3408 845 3471 mireris
872 3407 959 3491 quod
984 3408 1176 3493 incorrupta
1198 3409 1259 3472 sim
1284 3409 1318 3472 in

265 3510 515 3575 “inferioribus
549 3510 692 3594 corporis
723 3509 788 3572 mei
823 3509 981 3594 partibus,
1013 3532 1087 3573 cum
1122 3511 1262 3595 crapulae
1284 3509 1374 3575 etf01·
1387 3516 1452 3560 2⁶⁰·

150 3841 244 3905 lenae
310 3854 397 3919 Item
422 3853 462 3918 de
486 3854 550 3917 ista
573 3859 686 3916 sancta
710 3852 840 3938 legitur,
858 3852 946 3937 quod
969 3854 1049 3917 dum
1071 3875 1131 3919 rex
1155 3853 1449 3940 Kanutusapaoae,

267 3958 322 4041 qui
346 3978 461 4043 parum
485 3955 647 4019 dilexerat
677 3961 805 4018 sanctos
828 3954 969 4040 Angla,
993 3957 1091 4020 semel
1118 3958 1153 4019 in
1177 3957 1318 4040 quodam
1332 3944 1489 4045 ffiffssfi

267 4059 348 4123 festo
372 4058 581 4123 Pentecostes
604 4057 692 4143 apud
716 4056 922 4140 Wyltoniam
946 4059 1134 4137 convivans,
1158 4060 1319 4123 sollennes
1332 4061 1486 4139 atyiltom

267 4161 440 4225 cachinnos
473 4160 509 4223 in
544 4166 691 4224 sanctam
723 4157 880 4222 Editham
913 4159 1102 4237 effunderet,
1133 4161 1252 4236 dicens,
1284 4183 1317 4224 se
1331 4127 1487 4257 memo

267 4284 445 4349 numquam
478 4261 679 4326 crediturum
715 4260 803 4344 quod
835 4259 905 4323 filiu
937 4259 1061 4347 Edgari
1093 4262 1259 4326 libidinosi
1284 4259 1481 4335 etsessdith's

267 4366 410 4449 tyranni,
433 4370 548 4428 sancta
574 4363 665 4428 soret.
712 4361 926 4426 Contradixit
959 4362 1234 4448 [Ethelnothus]¹
1268 4386 1318 4426 ar·
1331 4325 1475 4441 {psam-

267 4467 496 4553 chiepiscopus,
520 4471 600 4529 tunc
627 4464 675 4529 ibi
706 4486 859 4550 praesens,
892 4465 949 4549 qui
984 4466 1099 4528 statim
1133 4464 1317 4549 sepulcrum
1331 4457 1406 4507 ''¹¹¹“-

267 4568 430 4633 defunctae
462 4566 602 4650 virginis
634 4566 772 4650 aperuit,
794 4565 852 4629 ubi
888 4566 945 4629 illa
977 4567 1128 4652 singulo²
1164 4573 1261 4629 tenus
1284 4588 1318 4629 se

267 4670 401 4756 erigens,
435 4669 469 4732 in
502 4669 727 4732 contumacem
766 4689 875 4754 regem
914 4669 1076 4753 impetum
1108 4668 1213 4731 facere
1247 4668 1320 4730 visa

268 4779 323 4836 est.
370 4771 444 4851 Quo
482 4777 576 4835 motu
614 4792 673 4834 ron
713 4770 865 4834 turbatus
903 4771 996 4835 humi
1031 4770 1124 4856 quasi
1156 4769 1319 4833 exanimis

968 4953 1255 4964 ——.....-———-—.
1276 4956 1287 4961 ,

302 5077 512 5136 ¹us.,aa-.
791 5074 797 5140 ι
844 5073 1018 5123 manns
