<?xml version="1.0" encoding="UTF-8"?>
<!DOCTYPE html PUBLIC "-//W3C//DTD XHTML 1.0 Transitional//EN"
    "http://www.w3.org/TR/xhtml1/DTD/xhtml1-transitional.dtd">
<html xmlns="http://www.w3.org/1999/xhtml" xml:lang="en" lang="en">
 <head>
  <title>
</title>
<meta http-equiv="Content-Type" content="text/html;charset=utf-8" />
  <meta name='ocr-system' content='tesseract 3.04.00' />
  <meta name='ocr-capabilities' content='ocr_page ocr_carea ocr_par ocr_line ocrx_word'/>
</head>
<body>
  <div class='ocr_page' id='page_1' title='image "./libermonasterii00edwagoog_0315.png"; bbox 0 0 3817 6450; ppageno 0'>
   <div class='ocr_carea' id='block_1_1' title="bbox 721 1141 1397 1210">
    <p class='ocr_par' dir='ltr' id='par_1_1' title="bbox 721 1141 1397 1210">
     <span class='ocr_line' id='line_1_1' title="bbox 721 1141 1397 1210; baseline -0.007 -1"><span class='ocrx_word' id='word_1_1' title='bbox 721 1159 821 1210; x_wconf 75' lang='lat' dir='ltr'><strong>ernau</strong></span> <span class='ocrx_word' id='word_1_2' title='bbox 845 1160 891 1208; x_wconf 84' lang='lat' dir='ltr'><strong>nu</strong></span> <span class='ocrx_word' id='word_1_3' title='bbox 914 1158 1018 1209; x_wconf 77' lang='lat' dir='ltr'><strong>urus.</strong></span> <span class='ocrx_word' id='word_1_4' title='bbox 1334 1141 1397 1207; x_wconf 77' lang='lat'><strong>195</strong></span> 
     </span>
    </p>
   </div>
   <div class='ocr_carea' id='block_1_2' title="bbox 445 1344 1556 2176">
    <p class='ocr_par' dir='ltr' id='par_1_2' title="bbox 446 1344 1556 1756">
     <span class='ocr_line' id='line_1_2' title="bbox 447 1344 1556 1419; baseline 0.001 -17"><span class='ocrx_word' id='word_1_5' title='bbox 447 1347 577 1418; x_wconf 75' lang='lat' dir='ltr'><strong>tropheo</strong></span> <span class='ocrx_word' id='word_1_6' title='bbox 602 1347 699 1403; x_wconf 88' lang='lat' dir='ltr'><strong>crucis</strong></span> <span class='ocrx_word' id='word_1_7' title='bbox 726 1348 851 1412; x_wconf 80' lang='lat' dir='ltr'><strong>devicit3</strong></span> <span class='ocrx_word' id='word_1_8' title='bbox 880 1347 1009 1419; x_wconf 64' lang='lat' dir='ltr'><strong>praedam</strong></span> <span class='ocrx_word' id='word_1_9' title='bbox 1036 1345 1073 1400; x_wconf 90' lang='lat' dir='ltr'><strong>de</strong></span> <span class='ocrx_word' id='word_1_10' title='bbox 1097 1344 1201 1417; x_wconf 81' lang='lat' dir='ltr'><strong>perfidi</strong></span> <span class='ocrx_word' id='word_1_11' title='bbox 1226 1344 1318 1400; x_wconf 88' lang='lat' dir='ltr'><strong>leonis</strong></span> <span class='ocrx_word' id='word_1_12' title='bbox 1346 1361 1396 1399; x_wconf 90' lang='lat' dir='ltr'><strong>ore</strong></span> <span class='ocrx_word' id='word_1_13' title='bbox 1418 1346 1556 1403; x_wconf 66' lang='lat' dir='ltr'><strong>mett.</strong></span> 
     </span>
     <span class='ocr_line' id='line_1_3' title="bbox 448 1425 1552 1504; baseline -0.006 -18"><span class='ocrx_word' id='word_1_14' title='bbox 448 1432 535 1495; x_wconf 84' lang='lat' dir='ltr'><strong>tulit;</strong></span> <span class='ocrx_word' id='word_1_15' title='bbox 547 1448 706 1502; x_wconf 74' lang='lat' dir='ltr'>secumque</span> <span class='ocrx_word' id='word_1_16' title='bbox 718 1449 807 1503; x_wconf 87' lang='lat' dir='ltr'><strong>super</strong></span> <span class='ocrx_word' id='word_1_17' title='bbox 820 1432 931 1487; x_wconf 78' lang='lat' dir='ltr'><strong>athera</strong></span> <span class='ocrx_word' id='word_1_18' title='bbox 947 1431 1056 1486; x_wconf 77' lang='lat' dir='ltr'><strong>vehens</strong></span> <span class='ocrx_word' id='word_1_19' title='bbox 1069 1431 1203 1501; x_wconf 84' lang='lat' dir='ltr'><strong>supernis</strong></span> <span class='ocrx_word' id='word_1_20' title='bbox 1222 1429 1395 1500; x_wconf 88' lang='lat' dir='ltr'><strong>angelorum</strong></span> <span class='ocrx_word' id='word_1_21' title='bbox 1407 1425 1552 1504; x_wconf 77' lang='lat' dir='ltr'><strong>Cbaneros</strong></span> 
     </span>
     <span class='ocr_line' id='line_1_4' title="bbox 446 1493 1480 1571; baseline -0.005 -1"><span class='ocrx_word' id='word_1_22' title='bbox 446 1515 570 1571; x_wconf 76' lang='lat' dir='ltr'><strong>coeubus</strong></span> <span class='ocrx_word' id='word_1_23' title='bbox 596 1517 782 1571; x_wconf 76' lang='lat' dir='ltr'><strong>consociavit.</strong></span> <span class='ocrx_word' id='word_1_24' title='bbox 833 1514 874 1571; x_wconf 89' lang='lat' dir='ltr'><strong>Ut</strong></span> <span class='ocrx_word' id='word_1_25' title='bbox 892 1532 961 1569; x_wconf 90' lang='lat' dir='ltr'><strong>cum</strong></span> <span class='ocrx_word' id='word_1_26' title='bbox 979 1532 1013 1569; x_wconf 90' lang='lat' dir='ltr'><strong>eo</strong></span> <span class='ocrx_word' id='word_1_27' title='bbox 1031 1513 1180 1569; x_wconf 90' lang='lat' dir='ltr'><strong>communi</strong></span> <span class='ocrx_word' id='word_1_28' title='bbox 1203 1513 1394 1569; x_wconf 88' lang='lat' dir='ltr'><strong>contubernio</strong></span> <span class='ocrx_word' id='word_1_29' title='bbox 1406 1493 1480 1560; x_wconf 55' lang='lat' dir='ltr'>¹³¹⁰ss</span> 
     </span>
     <span class='ocr_line' id='line_1_5' title="bbox 447 1559 1549 1681; baseline -0.003 -28"><span class='ocrx_word' id='word_1_30' title='bbox 447 1601 586 1664; x_wconf 82' lang='lat' dir='ltr'><strong>fruentes,</strong></span> <span class='ocrx_word' id='word_1_31' title='bbox 606 1600 734 1655; x_wconf 90' lang='lat' dir='ltr'><strong>bonitate</strong></span> <span class='ocrx_word' id='word_1_32' title='bbox 758 1599 917 1671; x_wconf 86' lang='lat' dir='ltr'><strong>perspicui,</strong></span> <span class='ocrx_word' id='word_1_33' title='bbox 936 1599 1081 1654; x_wconf 77' lang='lat' dir='ltr'><strong>virtutum</strong></span> <span class='ocrx_word' id='word_1_34' title='bbox 1105 1598 1235 1654; x_wconf 90' lang='lat' dir='ltr'><strong>omnium</strong></span> <span class='ocrx_word' id='word_1_35' title='bbox 1258 1597 1392 1651; x_wconf 87' lang='lat' dir='ltr'><strong>ubertate</strong></span> <span class='ocrx_word' id='word_1_36' title='bbox 1405 1559 1549 1681; x_wconf 41' lang='lat' dir='ltr'><strong>giffied·</strong></span> 
     </span>
     <span class='ocr_line' id='line_1_6' title="bbox 447 1682 1392 1756; baseline -0.002 -19"><span class='ocrx_word' id='word_1_37' title='bbox 447 1684 558 1749; x_wconf 87' lang='lat' dir='ltr'><strong>relcrti,</strong></span> <span class='ocrx_word' id='word_1_38' title='bbox 584 1691 717 1756; x_wconf 85' lang='lat' dir='ltr'><strong>expertos</strong></span> <span class='ocrx_word' id='word_1_39' title='bbox 742 1684 863 1754; x_wconf 88' lang='lat' dir='ltr'><strong>peccati,</strong></span> <span class='ocrx_word' id='word_1_40' title='bbox 885 1683 964 1736; x_wconf 89' lang='lat' dir='ltr'><strong>omni</strong></span> <span class='ocrx_word' id='word_1_41' title='bbox 988 1683 1160 1752; x_wconf 82' lang='lat' dir='ltr'>contagione</span> <span class='ocrx_word' id='word_1_42' title='bbox 1184 1682 1302 1752; x_wconf 81' lang='lat' dir='ltr'><strong>privati,</strong></span> <span class='ocrx_word' id='word_1_43' title='bbox 1328 1682 1392 1735; x_wconf 89' lang='lat' dir='ltr'><strong>sine</strong></span> 
     </span>
    </p>

    <p class='ocr_par' dir='ltr' id='par_1_3' title="bbox 445 1766 1393 1923">
     <span class='ocr_line' id='line_1_7' title="bbox 445 1766 1393 1838; baseline -0.004 -16"><span class='ocrx_word' id='word_1_44' title='bbox 445 1767 501 1823; x_wconf 89' lang='lat' dir='ltr'><strong>fine</strong></span> <span class='ocrx_word' id='word_1_45' title='bbox 520 1774 586 1838; x_wconf 90' lang='lat' dir='ltr'><strong>post</strong></span> <span class='ocrx_word' id='word_1_46' title='bbox 603 1769 681 1823; x_wconf 85' lang='lat' dir='ltr'><strong>diem</strong></span> <span class='ocrx_word' id='word_1_47' title='bbox 701 1767 808 1838; x_wconf 88' lang='lat' dir='ltr'><strong>judicii</strong></span> <span class='ocrx_word' id='word_1_48' title='bbox 832 1767 1004 1822; x_wconf 74' lang='lat' dir='ltr'><strong>restauratis</strong></span> <span class='ocrx_word' id='word_1_49' title='bbox 1028 1767 1209 1837; x_wconf 81' lang='lat' dir='ltr'>corporibus,</span> <span class='ocrx_word' id='word_1_50' title='bbox 1229 1766 1393 1820; x_wconf 81' lang='lat' dir='ltr'><strong>exultantes</strong></span> 
     </span>
     <span class='ocr_line' id='line_1_8' title="bbox 446 1849 1393 1923; baseline -0.003 -18"><span class='ocrx_word' id='word_1_51' title='bbox 446 1859 612 1923; x_wconf 74' lang='lat' dir='ltr'><strong>regnarent.</strong></span> <span class='ocrx_word' id='word_1_52' title='bbox 651 1852 736 1907; x_wconf 90' lang='lat' dir='ltr'><strong>Hanc</strong></span> <span class='ocrx_word' id='word_1_53' title='bbox 754 1852 933 1923; x_wconf 72' lang='lat' dir='ltr'><strong>praeeipuam</strong></span> <span class='ocrx_word' id='word_1_54' title='bbox 952 1852 1016 1906; x_wconf 90' lang='lat' dir='ltr'><strong>sine</strong></span> <span class='ocrx_word' id='word_1_55' title='bbox 1034 1850 1123 1906; x_wconf 90' lang='lat' dir='ltr'><strong>dubio</strong></span> <span class='ocrx_word' id='word_1_56' title='bbox 1136 1851 1261 1921; x_wconf 77' lang='lat' dir='ltr'><strong>gloriam</strong></span> <span class='ocrx_word' id='word_1_57' title='bbox 1275 1849 1393 1904; x_wconf 88' lang='lat' dir='ltr'><strong>eroden-</strong></span> 
     </span>
    </p>

    <p class='ocr_par' dir='ltr' id='par_1_4' title="bbox 448 1933 1394 2007">
     <span class='ocr_line' id='line_1_9' title="bbox 448 1933 1394 2007; baseline -0.004 -17"><span class='ocrx_word' id='word_1_58' title='bbox 448 1936 536 2002; x_wconf 82' lang='lat' dir='ltr'>tibus,</span> <span class='ocrx_word' id='word_1_59' title='bbox 556 1935 609 2007; x_wconf 92' lang='lat' dir='ltr'><strong>qui</strong></span> <span class='ocrx_word' id='word_1_60' title='bbox 626 1935 781 1991; x_wconf 75' lang='lat' dir='ltr'><strong>Trinitatis</strong></span> <span class='ocrx_word' id='word_1_61' title='bbox 800 1952 936 2007; x_wconf 76' lang='lat' dir='ltr'><strong>versaque</strong></span> <span class='ocrx_word' id='word_1_62' title='bbox 955 1935 1077 1990; x_wconf 90' lang='lat' dir='ltr'><strong>unitatis</strong></span> <span class='ocrx_word' id='word_1_63' title='bbox 1101 1934 1189 1989; x_wconf 88' lang='lat' dir='ltr'><strong>fidem</strong></span> <span class='ocrx_word' id='word_1_64' title='bbox 1206 1933 1289 1989; x_wconf 91' lang='lat' dir='ltr'><strong>bonis</strong></span> <span class='ocrx_word' id='word_1_65' title='bbox 1313 1933 1394 1987; x_wconf 89' lang='lat' dir='ltr'><strong>insu·</strong></span> 
     </span>
    </p>

    <p class='ocr_par' dir='ltr' id='par_1_5' title="bbox 446 2018 1393 2176">
     <span class='ocr_line' id='line_1_10' title="bbox 446 2018 1393 2092; baseline -0.004 -17"><span class='ocrx_word' id='word_1_66' title='bbox 446 2020 547 2076; x_wconf 87' lang='lat' dir='ltr'><strong>dantes</strong></span> <span class='ocrx_word' id='word_1_67' title='bbox 573 2021 711 2092; x_wconf 90' lang='lat' dir='ltr'><strong>operibus</strong></span> <span class='ocrx_word' id='word_1_68' title='bbox 735 2027 894 2084; x_wconf 86' lang='lat' dir='ltr'><strong>sectantur,</strong></span> <span class='ocrx_word' id='word_1_69' title='bbox 925 2020 1086 2091; x_wconf 78' lang='lat' dir='ltr'><strong>pollicitus,</strong></span> <span class='ocrx_word' id='word_1_70' title='bbox 1118 2037 1177 2074; x_wconf 92' lang='lat' dir='ltr'><strong>non</strong></span> <span class='ocrx_word' id='word_1_71' title='bbox 1206 2018 1393 2073; x_wconf 81' lang='lat' dir='ltr'><strong>credentibus</strong></span> 
     </span>
     <span class='ocr_line' id='line_1_11' title="bbox 447 2101 1393 2176; baseline -0.003 -18"><span class='ocrx_word' id='word_1_72' title='bbox 447 2104 623 2175; x_wconf 89' lang='lat' dir='ltr'><strong>supplicium</strong></span> <span class='ocrx_word' id='word_1_73' title='bbox 642 2105 770 2160; x_wconf 86' lang='lat' dir='ltr'><strong>minatus</strong></span> <span class='ocrx_word' id='word_1_74' title='bbox 783 2110 925 2160; x_wconf 87' lang='lat' dir='ltr'><strong>aeternum</strong></span> <span class='ocrx_word' id='word_1_75' title='bbox 937 2104 1089 2176; x_wconf 85' lang='lat' dir='ltr'><strong>perpetuis</strong></span> <span class='ocrx_word' id='word_1_76' title='bbox 1107 2103 1237 2159; x_wconf 77' lang='lat' dir='ltr'><strong>barathri</strong></span> <span class='ocrx_word' id='word_1_77' title='bbox 1251 2101 1393 2158; x_wconf 86' lang='lat' dir='ltr'><strong>incendiis</strong></span> 
     </span>
    </p>
   </div>
   <div class='ocr_carea' id='block_1_3' title="bbox 443 2187 789 2260">
    <p class='ocr_par' dir='ltr' id='par_1_6' title="bbox 443 2187 789 2260">
     <span class='ocr_line' id='line_1_12' title="bbox 443 2187 789 2260; baseline 0 -18"><span class='ocrx_word' id='word_1_78' title='bbox 443 2187 608 2257; x_wconf 87' lang='lat' dir='ltr'><strong>justissime</strong></span> <span class='ocrx_word' id='word_1_79' title='bbox 625 2188 789 2260; x_wconf 86' lang='lat' dir='ltr'><strong>spopondit.</strong></span> 
     </span>
    </p>
   </div>
   <div class='ocr_carea' id='block_1_4' title="bbox 450 2394 1280 2483">
    <p class='ocr_par' dir='ltr' id='par_1_7' title="bbox 450 2394 1280 2483">
     <span class='ocr_line' id='line_1_13' title="bbox 450 2394 1280 2483; baseline 0.002 -22"><span class='ocrx_word' id='word_1_80' title='bbox 450 2395 500 2461; x_wconf 85' lang='lat' dir='ltr'><strong>De</strong></span> <span class='ocrx_word' id='word_1_81' title='bbox 522 2394 669 2462; x_wconf 54' lang='lat' dir='ltr'><strong>&amp;nevelo</strong></span> <span class='ocrx_word' id='word_1_82' title='bbox 691 2395 796 2483; x_wconf 76' lang='lat' dir='ltr'><strong>Rapis</strong></span> <span class='ocrx_word' id='word_1_83' title='bbox 818 2396 1051 2464; x_wconf 59' lang='lat' dir='ltr'><strong>meditamento.</strong></span> <span class='ocrx_word' id='word_1_84' title='bbox 1097 2397 1177 2465; x_wconf 72' lang='lat' dir='ltr'><strong>on.</strong></span> <span class='ocrx_word' id='word_1_85' title='bbox 1201 2398 1280 2463; x_wconf 88' lang='lat' dir='ltr'><strong>VII.</strong></span> 
     </span>
    </p>
   </div>
   <div class='ocr_carea' id='block_1_5' title="bbox 444 2558 1529 4222">
    <p class='ocr_par' dir='ltr' id='par_1_8' title="bbox 444 2558 1529 4222">
     <span class='ocr_line' id='line_1_14' title="bbox 482 2558 1529 2630; baseline 0.009 -19"><span class='ocrx_word' id='word_1_86' title='bbox 482 2558 560 2614; x_wconf 90' lang='lat' dir='ltr'><strong>Hinc</strong></span> <span class='ocrx_word' id='word_1_87' title='bbox 578 2575 635 2630; x_wconf 88' lang='lat' dir='ltr'><strong>ego</strong></span> <span class='ocrx_word' id='word_1_88' title='bbox 653 2559 763 2630; x_wconf 86' lang='lat' dir='ltr'><strong>Edgar,</strong></span> <span class='ocrx_word' id='word_1_89' title='bbox 777 2559 878 2615; x_wconf 81' lang='lat' dir='ltr'><strong>divina</strong></span> <span class='ocrx_word' id='word_1_90' title='bbox 896 2560 1011 2616; x_wconf 75' lang='lat' dir='ltr'><strong>favente</strong></span> <span class='ocrx_word' id='word_1_91' title='bbox 1030 2559 1135 2630; x_wconf 90' lang='lat' dir='ltr'><strong>gratia,</strong></span> <span class='ocrx_word' id='word_1_92' title='bbox 1149 2560 1240 2615; x_wconf 90' lang='lat' dir='ltr'><strong>totius</strong></span> <span class='ocrx_word' id='word_1_93' title='bbox 1259 2559 1393 2615; x_wconf 73' lang='lat' dir='ltr'><strong>Albionis</strong></span> <span class='ocrx_word' id='word_1_94' title='bbox 1405 2567 1448 2619; x_wconf 85' lang='lat' dir='ltr'><strong>sel.</strong></span> <span class='ocrx_word' id='word_1_95' title='bbox 1460 2573 1493 2619; x_wconf 78' lang='lat'><strong>28</strong></span> <span class='ocrx_word' id='word_1_96' title='bbox 1506 2584 1529 2619; x_wconf 85' lang='lat' dir='ltr'><strong>a.</strong></span> 
     </span>
     <span class='ocr_line' id='line_1_15' title="bbox 447 2641 1394 2715; baseline 0.002 -20"><span class='ocrx_word' id='word_1_97' title='bbox 447 2641 591 2707; x_wconf 83' lang='lat' dir='ltr'><strong>Basileus,</strong></span> <span class='ocrx_word' id='word_1_98' title='bbox 611 2643 713 2698; x_wconf 90' lang='lat' dir='ltr'><strong>rimari</strong></span> <span class='ocrx_word' id='word_1_99' title='bbox 732 2661 908 2715; x_wconf 87' lang='lat' dir='ltr'><strong>magnopere</strong></span> <span class='ocrx_word' id='word_1_100' title='bbox 927 2661 1083 2715; x_wconf 87' lang='lat' dir='ltr'><strong>eoeperam,</strong></span> <span class='ocrx_word' id='word_1_101' title='bbox 1104 2644 1176 2715; x_wconf 90' lang='lat' dir='ltr'><strong>quid</strong></span> <span class='ocrx_word' id='word_1_102' title='bbox 1194 2661 1314 2714; x_wconf 89' lang='lat' dir='ltr'><strong>operum</strong></span> <span class='ocrx_word' id='word_1_103' title='bbox 1334 2652 1394 2699; x_wconf 90' lang='lat' dir='ltr'><strong>stu·</strong></span> 
     </span>
     <span class='ocr_line' id='line_1_16' title="bbox 447 2726 1394 2799; baseline 0.002 -19"><span class='ocrx_word' id='word_1_104' title='bbox 447 2726 495 2780; x_wconf 92' lang='lat' dir='ltr'><strong>dio</strong></span> <span class='ocrx_word' id='word_1_105' title='bbox 514 2743 689 2790; x_wconf 82' lang='lat' dir='ltr'><strong>exercerem,</strong></span> <span class='ocrx_word' id='word_1_106' title='bbox 709 2733 743 2782; x_wconf 92' lang='lat' dir='ltr'><strong>ut</strong></span> <span class='ocrx_word' id='word_1_107' title='bbox 755 2727 792 2781; x_wconf 88' lang='lat' dir='ltr'><strong>ad</strong></span> <span class='ocrx_word' id='word_1_108' title='bbox 809 2734 921 2782; x_wconf 89' lang='lat' dir='ltr'><strong>tantam</strong></span> <span class='ocrx_word' id='word_1_109' title='bbox 939 2727 1065 2798; x_wconf 85' lang='lat' dir='ltr'><strong>gloriam</strong></span> <span class='ocrx_word' id='word_1_110' title='bbox 1084 2728 1267 2799; x_wconf 77' lang='lat' dir='ltr'><strong>perveniens,</strong></span> <span class='ocrx_word' id='word_1_111' title='bbox 1282 2727 1394 2783; x_wconf 86' lang='lat' dir='ltr'><strong>Christi</strong></span> 
     </span>
     <span class='ocr_line' id='line_1_17' title="bbox 447 2810 1394 2881; baseline 0.004 -18"><span class='ocrx_word' id='word_1_112' title='bbox 447 2818 672 2881; x_wconf 88' lang='lat' dir='ltr'><strong>sanctorumque</strong></span> <span class='ocrx_word' id='word_1_113' title='bbox 691 2810 755 2880; x_wconf 86' lang='lat' dir='ltr'><strong>ojus</strong></span> <span class='ocrx_word' id='word_1_114' title='bbox 768 2811 842 2865; x_wconf 85' lang='lat' dir='ltr'><strong>coelo</strong></span> <span class='ocrx_word' id='word_1_115' title='bbox 854 2812 1014 2867; x_wconf 88' lang='lat' dir='ltr'><strong>collocatus</strong></span> <span class='ocrx_word' id='word_1_116' title='bbox 1033 2812 1223 2868; x_wconf 89' lang='lat' dir='ltr'><strong>contubernio</strong></span> <span class='ocrx_word' id='word_1_117' title='bbox 1240 2820 1394 2867; x_wconf 90' lang='lat' dir='ltr'><strong>coronatus</strong></span> 
     </span>
     <span class='ocr_line' id='line_1_18' title="bbox 449 2893 1393 2965; baseline 0.004 -18"><span class='ocrx_word' id='word_1_118' title='bbox 449 2893 572 2957; x_wconf 82' lang='lat' dir='ltr'><strong>fruerer,</strong></span> <span class='ocrx_word' id='word_1_119' title='bbox 592 2901 763 2965; x_wconf 86' lang='lat' dir='ltr'><strong>tantamque</strong></span> <span class='ocrx_word' id='word_1_120' title='bbox 784 2894 891 2949; x_wconf 86' lang='lat' dir='ltr'><strong>inferni</strong></span> <span class='ocrx_word' id='word_1_121' title='bbox 910 2895 1061 2950; x_wconf 87' lang='lat' dir='ltr'><strong>miseriam</strong></span> <span class='ocrx_word' id='word_1_122' title='bbox 1083 2895 1254 2951; x_wconf 72' lang='lat' dir='ltr'><strong>detitiuem.</strong></span> <span class='ocrx_word' id='word_1_123' title='bbox 1305 2896 1393 2951; x_wconf 91' lang='lat' dir='ltr'><strong>Insti-</strong></span> 
     </span>
     <span class='ocr_line' id='line_1_19' title="bbox 446 2978 1394 3051; baseline 0.004 -20"><span class='ocrx_word' id='word_1_124' title='bbox 446 2985 533 3047; x_wconf 89' lang='lat' dir='ltr'><strong>gante</strong></span> <span class='ocrx_word' id='word_1_125' title='bbox 552 2978 660 3033; x_wconf 85' lang='lat' dir='ltr'><strong>etenim</strong></span> <span class='ocrx_word' id='word_1_126' title='bbox 679 2978 798 3033; x_wconf 89' lang='lat' dir='ltr'><strong>Domini</strong></span> <span class='ocrx_word' id='word_1_127' title='bbox 816 2979 981 3044; x_wconf 87' lang='lat' dir='ltr'><strong>clementia,</strong></span> <span class='ocrx_word' id='word_1_128' title='bbox 1007 2981 1137 3035; x_wconf 88' lang='lat' dir='ltr'><strong>occurrit</strong></span> <span class='ocrx_word' id='word_1_129' title='bbox 1154 2981 1260 3046; x_wconf 88' lang='lat' dir='ltr'><strong>animo,</strong></span> <span class='ocrx_word' id='word_1_130' title='bbox 1280 2987 1314 3035; x_wconf 93' lang='lat' dir='ltr'><strong>ut</strong></span> <span class='ocrx_word' id='word_1_131' title='bbox 1331 2981 1394 3051; x_wconf 88' lang='lat' dir='ltr'><strong>ipse</strong></span> 
     </span>
     <span class='ocr_line' id='line_1_20' title="bbox 446 3062 1393 3135; baseline 0.004 -21"><span class='ocrx_word' id='word_1_132' title='bbox 446 3062 618 3116; x_wconf 86' lang='lat' dir='ltr'><strong>criminibus</strong></span> <span class='ocrx_word' id='word_1_133' title='bbox 642 3079 790 3117; x_wconf 89' lang='lat' dir='ltr'><strong>cessarem</strong></span> <span class='ocrx_word' id='word_1_134' title='bbox 814 3064 938 3127; x_wconf 90' lang='lat' dir='ltr'><strong>cunetis,</strong></span> <span class='ocrx_word' id='word_1_135' title='bbox 965 3069 1053 3134; x_wconf 90' lang='lat' dir='ltr'><strong>atquc</strong></span> <span class='ocrx_word' id='word_1_136' title='bbox 1078 3064 1162 3118; x_wconf 88' lang='lat' dir='ltr'><strong>bonis</strong></span> <span class='ocrx_word' id='word_1_137' title='bbox 1187 3064 1326 3135; x_wconf 88' lang='lat' dir='ltr'><strong>operibus</strong></span> <span class='ocrx_word' id='word_1_138' title='bbox 1350 3065 1393 3117; x_wconf 90' lang='lat' dir='ltr'><strong>in-</strong></span> 
     </span>
     <span class='ocr_line' id='line_1_21' title="bbox 445 3145 1394 3218; baseline 0 -19"><span class='ocrx_word' id='word_1_139' title='bbox 445 3146 559 3208; x_wconf 88' lang='lat' dir='ltr'><strong>sistens,</strong></span> <span class='ocrx_word' id='word_1_140' title='bbox 580 3145 675 3200; x_wconf 85' lang='lat' dir='ltr'><strong>forma</strong></span> <span class='ocrx_word' id='word_1_141' title='bbox 692 3147 787 3202; x_wconf 84' lang='lat' dir='ltr'><strong>factus</strong></span> <span class='ocrx_word' id='word_1_142' title='bbox 812 3148 908 3217; x_wconf 83' lang='lat' dir='ltr'><strong>gregi,</strong></span> <span class='ocrx_word' id='word_1_143' title='bbox 941 3165 1096 3218; x_wconf 87' lang='lat' dir='ltr'><strong>quousque</strong></span> <span class='ocrx_word' id='word_1_144' title='bbox 1121 3148 1214 3202; x_wconf 90' lang='lat' dir='ltr'><strong>nostri</strong></span> <span class='ocrx_word' id='word_1_145' title='bbox 1238 3147 1394 3217; x_wconf 81' lang='lat' dir='ltr'><strong>regiminis</strong></span> 
     </span>
     <span class='ocr_line' id='line_1_22' title="bbox 446 3230 1394 3302; baseline 0 -19"><span class='ocrx_word' id='word_1_146' title='bbox 446 3230 654 3299; x_wconf 79' lang='lat' dir='ltr'><strong>gubernamine</strong></span> <span class='ocrx_word' id='word_1_147' title='bbox 684 3230 834 3301; x_wconf 82' lang='lat' dir='ltr'><strong>degentes,</strong></span> <span class='ocrx_word' id='word_1_148' title='bbox 868 3232 1083 3286; x_wconf 82' lang='lat' dir='ltr'><strong>lucrifacerem.</strong></span> <span class='ocrx_word' id='word_1_149' title='bbox 1123 3230 1270 3299; x_wconf 88' lang='lat' dir='ltr'><strong>Quosdam</strong></span> <span class='ocrx_word' id='word_1_150' title='bbox 1301 3231 1394 3302; x_wconf 83' lang='lat' dir='ltr'><strong>igitur</strong></span> 
     </span>
     <span class='ocr_line' id='line_1_23' title="bbox 447 3312 1394 3386; baseline 0.001 -20"><span class='ocrx_word' id='word_1_151' title='bbox 447 3312 632 3367; x_wconf 84' lang='lat' dir='ltr'><strong>suasionibus</strong></span> <span class='ocrx_word' id='word_1_152' title='bbox 645 3312 773 3369; x_wconf 78' lang='lat' dir='ltr'><strong>inritans</strong></span> <span class='ocrx_word' id='word_1_153' title='bbox 786 3314 824 3369; x_wconf 89' lang='lat' dir='ltr'><strong>ad</strong></span> <span class='ocrx_word' id='word_1_154' title='bbox 842 3316 973 3386; x_wconf 73' lang='lat' dir='ltr'><strong>praemia,</strong></span> <span class='ocrx_word' id='word_1_155' title='bbox 988 3315 1129 3385; x_wconf 87' lang='lat' dir='ltr'><strong>quosdam</strong></span> <span class='ocrx_word' id='word_1_156' title='bbox 1142 3314 1304 3369; x_wconf 83' lang='lat' dir='ltr'><strong>terroribus</strong></span> <span class='ocrx_word' id='word_1_157' title='bbox 1317 3332 1394 3369; x_wconf 91' lang='lat' dir='ltr'><strong>com-</strong></span> 
     </span>
     <span class='ocr_line' id='line_1_24' title="bbox 444 3396 1395 3468; baseline 0.001 -18"><span class='ocrx_word' id='word_1_158' title='bbox 444 3396 556 3467; x_wconf 90' lang='lat' dir='ltr'><strong>pellens</strong></span> <span class='ocrx_word' id='word_1_159' title='bbox 581 3396 618 3450; x_wconf 88' lang='lat' dir='ltr'><strong>ad</strong></span> <span class='ocrx_word' id='word_1_160' title='bbox 643 3397 779 3468; x_wconf 82' lang='lat' dir='ltr'><strong>gloriam,</strong></span> <span class='ocrx_word' id='word_1_161' title='bbox 805 3398 881 3453; x_wconf 88' lang='lat' dir='ltr'><strong>bona</strong></span> <span class='ocrx_word' id='word_1_162' title='bbox 911 3398 1068 3463; x_wconf 73' lang='lat' dir='ltr'><strong>aedificans,</strong></span> <span class='ocrx_word' id='word_1_163' title='bbox 1100 3398 1178 3453; x_wconf 83' lang='lat' dir='ltr'><strong>mala</strong></span> <span class='ocrx_word' id='word_1_164' title='bbox 1204 3405 1239 3452; x_wconf 95' lang='lat' dir='ltr'><strong>ut</strong></span> <span class='ocrx_word' id='word_1_165' title='bbox 1268 3398 1395 3452; x_wconf 90' lang='lat' dir='ltr'><strong>Domino</strong></span> 
     </span>
     <span class='ocr_line' id='line_1_25' title="bbox 446 3481 1390 3554; baseline 0 -19"><span class='ocrx_word' id='word_1_166' title='bbox 446 3482 568 3537; x_wconf 81' lang='lat' dir='ltr'><strong>faciente</strong></span> <span class='ocrx_word' id='word_1_167' title='bbox 587 3483 678 3553; x_wconf 91' lang='lat' dir='ltr'><strong>potui,</strong></span> <span class='ocrx_word' id='word_1_168' title='bbox 699 3483 852 3554; x_wconf 85' lang='lat' dir='ltr'><strong>dissipavi.</strong></span> <span class='ocrx_word' id='word_1_169' title='bbox 904 3483 1055 3554; x_wconf 88' lang='lat' dir='ltr'><strong>Scriptum</strong></span> <span class='ocrx_word' id='word_1_170' title='bbox 1080 3484 1189 3554; x_wconf 89' lang='lat' dir='ltr'><strong>quippe</strong></span> <span class='ocrx_word' id='word_1_171' title='bbox 1214 3500 1267 3554; x_wconf 91' lang='lat' dir='ltr'><strong>por</strong></span> <span class='ocrx_word' id='word_1_172' title='bbox 1286 3481 1390 3536; x_wconf 87' lang='lat' dir='ltr'><strong>Hiere-</strong></span> 
     </span>
     <span class='ocr_line' id='line_1_26' title="bbox 444 3566 1393 3638; baseline 0 -19"><span class='ocrx_word' id='word_1_173' title='bbox 444 3566 533 3620; x_wconf 91' lang='lat' dir='ltr'><strong>mium</strong></span> <span class='ocrx_word' id='word_1_174' title='bbox 546 3566 665 3620; x_wconf 89' lang='lat' dir='ltr'><strong>memini</strong></span> <span class='ocrx_word' id='word_1_175' title='bbox 685 3567 872 3638; x_wconf 89' lang='lat' dir='ltr'><strong>Prophetam,</strong></span> <span class='ocrx_word' id='word_1_176' title='bbox 894 3570 913 3595; x_wconf 88' lang='lat'>“</span> <span class='ocrx_word' id='word_1_177' title='bbox 927 3568 998 3621; x_wconf 82' lang='lat' dir='ltr'><strong>Ecce</strong></span> <span class='ocrx_word' id='word_1_178' title='bbox 1016 3567 1151 3621; x_wconf 73' lang='lat' dir='ltr'><strong>corratitui</strong></span> <span class='ocrx_word' id='word_1_179' title='bbox 1170 3570 1194 3620; x_wconf 87' lang='lat' dir='ltr'><strong>te</strong></span> <span class='ocrx_word' id='word_1_180' title='bbox 1207 3584 1292 3637; x_wconf 81' lang='lat' dir='ltr'><strong>super</strong></span> <span class='ocrx_word' id='word_1_181' title='bbox 1302 3571 1393 3636; x_wconf 74' lang='lat' dir='ltr'><strong>pentes</strong></span> 
     </span>
     <span class='ocr_line' id='line_1_27' title="bbox 447 3649 1394 3723; baseline 0.001 -20"><span class='ocrx_word' id='word_1_182' title='bbox 447 3651 466 3675; x_wconf 89' lang='grc'><em>“</em></span> <span class='ocrx_word' id='word_1_183' title='bbox 485 3655 509 3703; x_wconf 89' lang='lat' dir='ltr'><strong>et</strong></span> <span class='ocrx_word' id='word_1_184' title='bbox 522 3668 607 3721; x_wconf 81' lang='lat' dir='ltr'><strong>super</strong></span> <span class='ocrx_word' id='word_1_185' title='bbox 618 3668 712 3720; x_wconf 74' lang='lat' dir='ltr'><strong>repca,</strong></span> <span class='ocrx_word' id='word_1_186' title='bbox 729 3656 759 3704; x_wconf 82' lang='lat' dir='ltr'><strong>ut</strong></span> <span class='ocrx_word' id='word_1_187' title='bbox 771 3651 874 3705; x_wconf 79' lang='lat' dir='ltr'><strong>coellus</strong></span> <span class='ocrx_word' id='word_1_188' title='bbox 893 3654 918 3705; x_wconf 88' lang='lat' dir='ltr'><strong>et</strong></span> <span class='ocrx_word' id='word_1_189' title='bbox 931 3651 1071 3715; x_wconf 79' lang='lat' dir='ltr'><strong>destrues,</strong></span> <span class='ocrx_word' id='word_1_190' title='bbox 1092 3655 1117 3705; x_wconf 87' lang='lat' dir='ltr'><strong>et</strong></span> <span class='ocrx_word' id='word_1_191' title='bbox 1136 3650 1285 3723; x_wconf 72' lang='lat' dir='ltr'><strong>disperdes</strong></span> <span class='ocrx_word' id='word_1_192' title='bbox 1298 3655 1323 3704; x_wconf 85' lang='lat' dir='ltr'><strong>et</strong></span> <span class='ocrx_word' id='word_1_193' title='bbox 1335 3649 1394 3704; x_wconf 78' lang='lat' dir='ltr'><strong>clis-</strong></span> 
     </span>
     <span class='ocr_line' id='line_1_28' title="bbox 447 3733 1394 3806; baseline 0.001 -19"><span class='ocrx_word' id='word_1_194' title='bbox 447 3734 466 3759; x_wconf 84' lang='lat'>“</span> <span class='ocrx_word' id='word_1_195' title='bbox 486 3733 568 3804; x_wconf 74' lang='grc' dir='ltr'>ιίρει,</span> <span class='ocrx_word' id='word_1_196' title='bbox 589 3739 613 3787; x_wconf 85' lang='lat' dir='ltr'><strong>et</strong></span> <span class='ocrx_word' id='word_1_197' title='bbox 631 3734 750 3803; x_wconf 70' lang='lat' dir='ltr'><strong>(edifices</strong></span> <span class='ocrx_word' id='word_1_198' title='bbox 762 3739 787 3788; x_wconf 85' lang='lat' dir='ltr'><strong>et</strong></span> <span class='ocrx_word' id='word_1_199' title='bbox 798 3734 958 3804; x_wconf 77' lang='lat' dir='ltr'><strong>plantes.&#39;’¹</strong></span> <span class='ocrx_word' id='word_1_200' title='bbox 985 3735 1105 3790; x_wconf 83' lang='lat' dir='ltr'><strong>Talibus</strong></span> <span class='ocrx_word' id='word_1_201' title='bbox 1119 3734 1212 3806; x_wconf 86' lang='lat' dir='ltr'><strong>igitur</strong></span> <span class='ocrx_word' id='word_1_202' title='bbox 1225 3734 1394 3789; x_wconf 85' lang='lat' dir='ltr'><strong>exhortatus</strong></span> 
     </span>
     <span class='ocr_line' id='line_1_29' title="bbox 446 3814 1394 3890; baseline 0.002 -21"><span class='ocrx_word' id='word_1_203' title='bbox 446 3814 609 3881; x_wconf 87' lang='lat' dir='ltr'><strong>doctrinis,¹</strong></span> <span class='ocrx_word' id='word_1_204' title='bbox 627 3817 734 3886; x_wconf 90' lang='lat' dir='ltr'><strong>quibus</strong></span> <span class='ocrx_word' id='word_1_205' title='bbox 753 3833 805 3872; x_wconf 90' lang='lat' dir='ltr'><strong>nos</strong></span> <span class='ocrx_word' id='word_1_206' title='bbox 824 3817 969 3872; x_wconf 91' lang='lat' dir='ltr'><strong>Dominus</strong></span> <span class='ocrx_word' id='word_1_207' title='bbox 988 3836 1041 3889; x_wconf 88' lang='lat' dir='ltr'><strong>per</strong></span> <span class='ocrx_word' id='word_1_208' title='bbox 1065 3819 1245 3890; x_wconf 91' lang='lat' dir='ltr'><strong>Prophetam</strong></span> <span class='ocrx_word' id='word_1_209' title='bbox 1269 3817 1394 3873; x_wconf 89' lang='lat' dir='ltr'><strong>elemen-</strong></span> 
     </span>
     <span class='ocr_line' id='line_1_30' title="bbox 447 3900 1395 3973; baseline 0.001 -20"><span class='ocrx_word' id='word_1_210' title='bbox 447 3905 491 3953; x_wconf 84' lang='lat' dir='ltr'><strong>ter</strong></span> <span class='ocrx_word' id='word_1_211' title='bbox 518 3900 677 3964; x_wconf 82' lang='lat' dir='ltr'><strong>admonuit,</strong></span> <span class='ocrx_word' id='word_1_212' title='bbox 704 3918 804 3971; x_wconf 84' lang='lat' dir='ltr'><strong>agens,</strong></span> <span class='ocrx_word' id='word_1_213' title='bbox 831 3901 949 3957; x_wconf 84' lang='lat' dir='ltr'><strong>Christo</strong></span> <span class='ocrx_word' id='word_1_214' title='bbox 975 3901 1114 3967; x_wconf 83' lang='lat' dir='ltr'><strong>faventc‚&#39;</strong></span> <span class='ocrx_word' id='word_1_215' title='bbox 1132 3904 1164 3957; x_wconf 92' lang='lat' dir='ltr'><strong>iu</strong></span> <span class='ocrx_word' id='word_1_216' title='bbox 1189 3903 1286 3967; x_wconf 88' lang='lat' dir='ltr'><strong>terris,</strong></span> <span class='ocrx_word' id='word_1_217' title='bbox 1317 3901 1395 3973; x_wconf 91' lang='lat' dir='ltr'><strong>quod</strong></span> 
     </span>
     <span class='ocr_line' id='line_1_31' title="bbox 447 3983 1394 4053; baseline 0.003 -18"><span class='ocrx_word' id='word_1_218' title='bbox 447 3983 509 4053; x_wconf 87' lang='lat' dir='ltr'><strong>ipso</strong></span> <span class='ocrx_word' id='word_1_219' title='bbox 534 3983 614 4052; x_wconf 88' lang='lat' dir='ltr'><strong>justo</strong></span> <span class='ocrx_word' id='word_1_220' title='bbox 642 3984 706 4053; x_wconf 86' lang='lat' dir='ltr'><strong>egit</strong></span> <span class='ocrx_word' id='word_1_221' title='bbox 735 3985 766 4039; x_wconf 91' lang='lat' dir='ltr'><strong>in</strong></span> <span class='ocrx_word' id='word_1_222' title='bbox 799 3985 893 4048; x_wconf 81' lang='lat' dir='ltr'><strong>coelis,</strong></span> <span class='ocrx_word' id='word_1_223' title='bbox 926 3986 1073 4040; x_wconf 85' lang='lat' dir='ltr'><strong>extricans</strong></span> <span class='ocrx_word' id='word_1_224' title='bbox 1100 3984 1241 4041; x_wconf 82' lang='lat' dir='ltr'><strong>videlicet</strong></span> <span class='ocrx_word' id='word_1_225' title='bbox 1275 3985 1394 4040; x_wconf 92' lang='lat' dir='ltr'><strong>Domini</strong></span> 
     </span>
     <span class='ocr_line' id='line_1_32' title="bbox 445 4068 1394 4139; baseline 0.001 -17"><span class='ocrx_word' id='word_1_226' title='bbox 445 4068 561 4122; x_wconf 88' lang='lat' dir='ltr'><strong>cultura</strong></span> <span class='ocrx_word' id='word_1_227' title='bbox 589 4068 745 4122; x_wconf 89' lang='lat' dir='ltr'><strong>criminum</strong></span> <span class='ocrx_word' id='word_1_228' title='bbox 773 4069 940 4139; x_wconf 89' lang='lat' dir='ltr'><strong>spurcitias,</strong></span> <span class='ocrx_word' id='word_1_229' title='bbox 968 4070 1112 4124; x_wconf 89' lang='lat' dir='ltr'><strong>virtutum</strong></span> <span class='ocrx_word' id='word_1_230' title='bbox 1139 4069 1252 4125; x_wconf 88' lang='lat' dir='ltr'><strong>semina</strong></span> <span class='ocrx_word' id='word_1_231' title='bbox 1275 4069 1394 4125; x_wconf 84' lang='lat' dir='ltr'><strong>sedulus</strong></span> 
     </span>
     <span class='ocr_line' id='line_1_33' title="bbox 445 4151 713 4222; baseline 0.004 -17"><span class='ocrx_word' id='word_1_232' title='bbox 445 4151 576 4222; x_wconf 85' lang='lat' dir='ltr'><strong>agricola</strong></span> <span class='ocrx_word' id='word_1_233' title='bbox 593 4152 713 4207; x_wconf 87' lang='lat' dir='ltr'><strong>inserui.</strong></span> 
     </span>
    </p>
   </div>
   <div class='ocr_carea' id='block_1_6' title="bbox 346 4329 1395 4499">
    <p class='ocr_par' dir='ltr' id='par_1_9' title="bbox 346 4329 1395 4499">
     <span class='ocr_line' id='line_1_34' title="bbox 346 4329 1395 4414; baseline 0 -17"><span class='ocrx_word' id='word_1_234' title='bbox 346 4329 582 4414; x_wconf 76' lang='lat' dir='ltr'><strong>Quaestione,</strong></span> <span class='ocrx_word' id='word_1_235' title='bbox 609 4330 750 4398; x_wconf 81' lang='lat' dir='ltr'><strong>Clericus</strong></span> <span class='ocrx_word' id='word_1_236' title='bbox 777 4329 976 4410; x_wconf 75' lang='lat' dir='ltr'><strong>eliminans,</strong></span> <span class='ocrx_word' id='word_1_237' title='bbox 1000 4330 1182 4400; x_wconf 76' lang='lat' dir='ltr'><strong>Morecwbos</strong></span> <span class='ocrx_word' id='word_1_238' title='bbox 1212 4331 1395 4402; x_wconf 79' lang='lat' dir='ltr'><strong>collocavit·</strong></span> 
     </span>
     <span class='ocr_line' id='line_1_35' title="bbox 762 4432 965 4499; baseline 0 -1"><span class='ocrx_word' id='word_1_239' title='bbox 762 4433 841 4499; x_wconf 75' lang='lat' dir='ltr'><strong>Car.</strong></span> <span class='ocrx_word' id='word_1_240' title='bbox 864 4432 965 4498; x_wconf 90' lang='lat' dir='ltr'><strong>VIII.</strong></span> 
     </span>
    </p>
   </div>
   <div class='ocr_carea' id='block_1_7' title="bbox 444 4584 1398 4827">
    <p class='ocr_par' dir='ltr' id='par_1_10' title="bbox 444 4584 1398 4827">
     <span class='ocr_line' id='line_1_36' title="bbox 481 4584 1398 4657; baseline -0.001 -15"><span class='ocrx_word' id='word_1_241' title='bbox 481 4586 599 4643; x_wconf 84' lang='lat' dir='ltr'><strong>Timens</strong></span> <span class='ocrx_word' id='word_1_242' title='bbox 624 4603 659 4641; x_wconf 91' lang='lat' dir='ltr'><strong>ne</strong></span> <span class='ocrx_word' id='word_1_243' title='bbox 685 4591 825 4640; x_wconf 64' lang='lat' dir='ltr'><strong>aemrnem</strong></span> <span class='ocrx_word' id='word_1_244' title='bbox 850 4584 1033 4642; x_wconf 83' lang='lat' dir='ltr'><strong>incurrerem</strong></span> <span class='ocrx_word' id='word_1_245' title='bbox 1058 4586 1220 4653; x_wconf 91' lang='lat' dir='ltr'><strong>miseriam,</strong></span> <span class='ocrx_word' id='word_1_246' title='bbox 1241 4585 1267 4642; x_wconf 92' lang='lat' dir='ltr'><strong>si</strong></span> <span class='ocrx_word' id='word_1_247' title='bbox 1292 4585 1398 4657; x_wconf 88' lang='lat' dir='ltr'><strong>adepta</strong></span> 
     </span>
     <span class='ocr_line' id='line_1_37' title="bbox 444 4670 1398 4742; baseline -0.001 -17"><span class='ocrx_word' id='word_1_248' title='bbox 444 4676 597 4742; x_wconf 85' lang='lat' dir='ltr'><strong>potestate,</strong></span> <span class='ocrx_word' id='word_1_249' title='bbox 623 4688 682 4724; x_wconf 90' lang='lat' dir='ltr'><strong>non</strong></span> <span class='ocrx_word' id='word_1_250' title='bbox 707 4670 835 4724; x_wconf 83' lang='lat' dir='ltr'><strong>lacerem</strong></span> <span class='ocrx_word' id='word_1_251' title='bbox 860 4670 938 4740; x_wconf 91' lang='lat' dir='ltr'><strong>quod</strong></span> <span class='ocrx_word' id='word_1_252' title='bbox 962 4670 1035 4741; x_wconf 90' lang='lat' dir='ltr'><strong>ipse,</strong></span> <span class='ocrx_word' id='word_1_253' title='bbox 1063 4671 1113 4742; x_wconf 91' lang='lat' dir='ltr'><strong>qui</strong></span> <span class='ocrx_word' id='word_1_254' title='bbox 1138 4677 1276 4742; x_wconf 89' lang='lat' dir='ltr'><strong>oporatur</strong></span> <span class='ocrx_word' id='word_1_255' title='bbox 1299 4671 1398 4725; x_wconf 91' lang='lat' dir='ltr'><strong>omnia</strong></span> 
     </span>
     <span class='ocr_line' id='line_1_38' title="bbox 445 4754 1398 4827; baseline 0 -18"><span class='ocrx_word' id='word_1_256' title='bbox 445 4773 510 4825; x_wconf 74' lang='lat' dir='ltr'><strong>quis</strong></span> <span class='ocrx_word' id='word_1_257' title='bbox 529 4755 560 4809; x_wconf 90' lang='lat' dir='ltr'><strong>in</strong></span> <span class='ocrx_word' id='word_1_258' title='bbox 579 4755 653 4810; x_wconf 82' lang='lat' dir='ltr'><strong>coelo</strong></span> <span class='ocrx_word' id='word_1_259' title='bbox 671 4754 737 4808; x_wconf 78' lang='lat' dir='ltr'><strong>vult</strong></span> <span class='ocrx_word' id='word_1_260' title='bbox 756 4759 785 4808; x_wconf 89' lang='lat' dir='ltr'><strong>ct</strong></span> <span class='ocrx_word' id='word_1_261' title='bbox 805 4754 836 4808; x_wconf 92' lang='lat' dir='ltr'><strong>in</strong></span> <span class='ocrx_word' id='word_1_262' title='bbox 855 4760 944 4819; x_wconf 88' lang='lat' dir='ltr'><strong>terra,</strong></span> <span class='ocrx_word' id='word_1_263' title='bbox 966 4754 1027 4809; x_wconf 90' lang='lat' dir='ltr'><strong>suis</strong></span> <span class='ocrx_word' id='word_1_264' title='bbox 1052 4754 1193 4827; x_wconf 79' lang='lat' dir='ltr'><strong>exemplis</strong></span> <span class='ocrx_word' id='word_1_265' title='bbox 1214 4755 1313 4825; x_wconf 87' lang='lat' dir='ltr'><strong>justus</strong></span> <span class='ocrx_word' id='word_1_266' title='bbox 1332 4770 1398 4809; x_wconf 84' lang='lat' dir='ltr'><strong>exu-</strong></span> 
     </span>
    </p>
   </div>
   <div class='ocr_carea' id='block_1_8' title="bbox 354 4906 1192 4916">
    <p class='ocr_par' dir='ltr' id='par_1_11' title="bbox 354 4906 1192 4916">
     <span class='ocr_line' id='line_1_39' title="bbox 354 4906 1192 4916; baseline 0.001 -3"><span class='ocrx_word' id='word_1_267' title='bbox 354 4906 792 4916; x_wconf 73' lang='lat'><strong>——-—--.—...—------...--.</strong></span> <span class='ocrx_word' id='word_1_268' title='bbox 817 4908 885 4915; x_wconf 80' lang='grc'>.-.-..</span> <span class='ocrx_word' id='word_1_269' title='bbox 913 4908 959 4915; x_wconf 84' lang='grc'><strong>...</strong></span> <span class='ocrx_word' id='word_1_270' title='bbox 1009 4908 1023 4913; x_wconf 94' lang='grc'>-</span> <span class='ocrx_word' id='word_1_271' title='bbox 1048 4908 1063 4913; x_wconf 88' lang='grc'><strong>--</strong></span> <span class='ocrx_word' id='word_1_272' title='bbox 1082 4907 1128 4914; x_wconf 87' lang='grc'><strong>--.</strong></span> <span class='ocrx_word' id='word_1_273' title='bbox 1142 4908 1192 4914; x_wconf 80' lang='lat'><strong>--</strong></span> 
     </span>
    </p>
   </div>
   <div class='ocr_carea' id='block_1_9' title="bbox 373 4991 1399 5125">
    <p class='ocr_par' dir='ltr' id='par_1_12' title="bbox 373 4991 1399 5125">
     <span class='ocr_line' id='line_1_40' title="bbox 375 4991 1399 5062; baseline 0.003 -18"><span class='ocrx_word' id='word_1_274' title='bbox 375 4991 383 5022; x_wconf 89' lang='lat'>¹</span> <span class='ocrx_word' id='word_1_275' title='bbox 395 4994 488 5046; x_wconf 82' lang='lat' dir='ltr'><strong>Jerem.</strong></span> <span class='ocrx_word' id='word_1_276' title='bbox 501 4995 518 5045; x_wconf 91' lang='lat' dir='ltr'><strong>i.</strong></span> <span class='ocrx_word' id='word_1_277' title='bbox 534 5001 571 5044; x_wconf 76' lang='grc' dir='ltr'><strong>ιθ.</strong></span> <span class='ocrx_word' id='word_1_278' title='bbox 925 4998 934 5025; x_wconf 82' lang='lat'>²</span> <span class='ocrx_word' id='word_1_279' title='bbox 939 4996 1058 5062; x_wconf 73' lang='lat' dir='ltr'><strong>sui-ente]</strong></span> <span class='ocrx_word' id='word_1_280' title='bbox 1069 4994 1134 5047; x_wconf 86' lang='lat' dir='ltr'><strong>Cott.</strong></span> <span class='ocrx_word' id='word_1_281' title='bbox 1142 4995 1197 5046; x_wconf 72' lang='lat' dir='ltr'><strong>ets</strong></span> <span class='ocrx_word' id='word_1_282' title='bbox 1205 4994 1277 5045; x_wconf 81' lang='lat' dir='ltr'><strong>reads</strong></span> <span class='ocrx_word' id='word_1_283' title='bbox 1278 4993 1399 5057; x_wconf 68' lang='lat' dir='ltr'><strong>siccitate.</strong></span> 
     </span>
     <span class='ocr_line' id='line_1_41' title="bbox 373 5073 904 5125; baseline -0.002 -2"><span class='ocrx_word' id='word_1_284' title='bbox 373 5073 445 5125; x_wconf 62' lang='lat' dir='ltr'><strong>‘MS</strong></span> <span class='ocrx_word' id='word_1_285' title='bbox 459 5075 533 5125; x_wconf 78' lang='lat' dir='ltr'><strong>reads</strong></span> <span class='ocrx_word' id='word_1_286' title='bbox 544 5073 690 5123; x_wconf 78' lang='lat' dir='ltr'><strong>doctoribus.</strong></span> <span class='ocrx_word' id='word_1_287' title='bbox 894 5073 904 5092; x_wconf 83' lang='grc'><strong>”</strong></span> 
     </span>
    </p>
   </div>
   <div class='ocr_carea' id='block_1_10' title="bbox 1197 5158 1265 5218">
    <p class='ocr_par' dir='ltr' id='par_1_13' title="bbox 1197 5158 1265 5218">
     <span class='ocr_line' id='line_1_42' title="bbox 1197 5158 1265 5218; baseline -0.029 0"><span class='ocrx_word' id='word_1_288' title='bbox 1197 5158 1265 5218; x_wconf 78' lang='grc' dir='ltr'><strong>Ν2</strong></span> 
     </span>
    </p>
   </div>
   <div class='ocr_carea' id='block_1_11' title="bbox 0 0 1914 6450">
    <p class='ocr_par' dir='ltr' id='par_1_14' title="bbox 0 0 1914 6450">
     <span class='ocr_line' id='line_1_43' title="bbox 0 0 1914 6450; baseline 0 1"><span class='ocrx_word' id='word_1_289' title='bbox 0 0 1914 6450; x_wconf 95' lang='lat' dir='ltr'><strong> </strong></span> 
     </span>
    </p>
   </div>
  </div>
 </body>
</html>
