3817 6450
729 1160 831 1210 urana
854 1160 900 1210 ne
924 1157 1028 1210 nvos.
1341 1142 1402 1206 191

347 1369 427 1414 sane
471 1348 658 1433 elegantem
696 1353 730 1412 et
769 1343 933 1432 lepidam,¹
975 1345 1061 1432 regis
1101 1343 1256 1430 apposuit
1294 1343 1404 1410 cubili.
1420 1356 1566 1408 aness-

348 1448 562 1516 ²1rradiance
585 1449 719 1516 tandem
742 1471 871 1528 aurora,
902 1448 1023 1513 mulier
1053 1452 1172 1512 conata
1202 1468 1335 1532 surgere
1357 1447 1407 1510 in·
1464 1427 1522 1475 ⁹⁷⁵·

349 1558 538 1640 terrogatur
567 1574 626 1619 cur
660 1552 840 1631 festinaret,
865 1551 908 1616 ad
938 1572 1029 1637 opus,
1062 1549 1181 1634 inquit,
1213 1549 1348 1614 solitum
1372 1554 1406 1612 et

350 1654 581 1739 quotidianum
604 1654 866 1741 persolvendum.
922 1653 1035 1739 Igitur
1064 1673 1123 1738 pro
1154 1651 1301 1716 mercede
1331 1672 1407 1716 noc-

350 1755 442 1822 turni
458 1757 615 1823 connubii
630 1757 716 1843 petit
731 1755 984 1843 ingenuitatem,
997 1759 1038 1819 ut
1052 1754 1099 1818 sio
1110 1754 1293 1839 voluptatis
1308 1753 1407 1840 regiae

350 1859 478 1923 conscia
500 1859 540 1924 de
562 1864 683 1925 caetero
714 1880 783 1923 non
813 1857 957 1944 parserat
980 1856 1120 1941 imperia
1142 1856 1325 1921 crudelium
1349 1855 1407 1921 do-

351 1960 525 2025 minorum.
586 1961 666 2025 Mox
697 1960 732 2023 in
763 1959 866 2024 risum
898 1980 957 2023 rex
984 1958 1113 2024 solutus
1136 1958 1291 2023 ancillam
1314 1958 1407 2023 illam

351 2060 430 2127 fecit
452 2061 621 2127 dominam
653 2061 873 2138 dominorum,
914 2060 972 2126 sed
1004 2060 1309 2145 quomodocumque
1342 2060 1408 2125 ista

351 2184 385 2226 se
422 2163 570 2229 habeant
608 2168 741 2229 constat
780 2163 883 2229 istum
921 2162 1048 2227 salubri
1086 2162 1289 2249 poenitentia
1327 2162 1409 2228 talia

353 2266 508 2352 expiasse.

396 2366 582 2432 Praedictus
605 2366 675 2432 dux
697 2366 940 2444 Athelwoldus‚
965 2367 1023 2451 qui
1047 2367 1169 2431 occisus
1192 2372 1273 2447 erat,
1297 2372 1336 2431 ut
1359 2367 1408 2431 di·
1421 2373 1555 2423 Notieeor

353 2469 448 2549 citur,
468 2470 674 2555 promotione
699 2470 786 2556 regis
810 2468 932 2555 Edgari
947 2467 984 2531 in
1000 2468 1131 2553 sylvam
1154 2468 1195 2533 de
1212 2469 1399 2534 Harewode
1422 2440 1528 2499 alfleda,

1401 2521 1408 2545 ‚

353 2570 456 2635 flliam
486 2570 607 2636 habuit
638 2571 876 2636 nobilissimam
907 2591 945 2635 ac
968 2570 1040 2635 Deo
1068 2570 1325 2651 devotissimam,
1349 2592 1408 2635 no·
1421 2506 1553 2638 limis

354 2674 443 2737 mine
469 2672 642 2750 Elfledam,
666 2696 766 2759 quam
801 2674 842 2738 de
872 2695 965 2738 sacro
995 2672 1087 2737 fonte
1117 2672 1245 2738 levavit
1275 2677 1409 2739 sanctus
1422 2639 1583 2757 {iffiiifoigf

355 2775 594 2855 Athelwoldus‚
620 2776 793 2841 Wentanae
817 2776 965 2840 civitatis
989 2775 1165 2862 episcopus,
1189 2781 1223 2840 et
1246 2778 1351 2863 ipsam
1373 2777 1409 2840 in

354 2878 639 2943 sanctimonialem
664 2880 752 2965 apud
784 2878 1003 2963 Romeseyam
1025 2877 1164 2955 velavit,
1190 2886 1224 2943 et
1247 2879 1312 2965 [in]
1336 2901 1410 2965 pro·

354 2979 528 3046 fossionem
560 2979 705 3057 admisit,
736 2980 773 3045 in
802 2980 1006 3045 abbatissam
1037 2980 1184 3065 ejusdem
1216 2981 1409 3047 monasterii

355 3082 568 3160 consecravit,
591 3083 759 3169 ipsiusque
781 3082 988 3169 sepulturam
1011 3083 1202 3148 sollenniter
1223 3085 1409 3149 celebravit.

400 3182 559 3270 Edgarus,
595 3190 730 3271 propter
753 3186 862 3250 carnis
885 3205 953 3252 sure
976 3184 1180 3250 illecebrosas
1210 3185 1410 3262 insolentias,
1424 3191 1542 3270 renance

356 3287 496 3352 abeato
521 3287 698 3352 Duustano
721 3289 833 3374 vigore
855 3289 1038 3374 pontificali
1069 3309 1212 3374 persaepe
1243 3295 1410 3375 correptus
1423 3257 1579 3388 fflffign

357 3394 413 3466 est,
438 3389 488 3454 ita
511 3390 599 3474 quod
622 3412 642 3454 a
665 3390 886 3455 sextodecimo
909 3411 997 3454 anno
1028 3389 1138 3455 rotatis
1161 3412 1240 3470 suae,
1262 3413 1328 3476 quo
1350 3412 1410 3456 rex
1423 3393 1550 3442 Danaen.

357 3492 557 3557 constitutus
580 3498 642 3572 est,
657 3514 760 3579 usque
783 3493 825 3557 ad
848 3491 1050 3558 tricesimum
1072 3514 1203 3569 annum,
1228 3492 1299 3558 sine
1321 3494 1412 3580 regio

358 3593 479 3679 insigni
506 3594 705 3679 regnaverit,
739 3616 799 3659 nec
830 3593 896 3658 nisi
927 3594 1073 3660 triennio
1102 3595 1288 3681 supervixit
1322 3602 1411 3682 post-

357 3716 455 3779 quam
478 3695 656 3761 Bathoniae
680 3703 855 3762 coronatus
878 3701 937 3761 est.
983 3697 1065 3763 Post
1080 3704 1220 3764 mortem
1237 3719 1316 3764 vero
1331 3698 1411 3784 ejus,

357 3818 408 3862 ree
430 3801 465 3863 et
488 3819 561 3884 spes
585 3797 770 3885 Anglorum
793 3805 881 3866 retro
904 3800 1068 3888 sublapsae
1090 3808 1174 3867 sunt.

403 3986 537 4053 Habuit
569 4010 628 4053 rex
663 3989 725 4054 iste
759 3990 901 4078 insignis
930 3990 1083 4078 Edgarus
1113 3994 1195 4058 duas
1225 4013 1346 4059 uxores
1377 3997 1559 4076 etRecaeitu·

359 4110 457 4154 unam
472 4090 701 4171 concubinam,
715 4113 757 4157 ex
772 4094 892 4178 quibus
908 4095 1014 4179 proles
1028 4101 1261 4180 procreaverat.
1301 4094 1412 4159 Prima
1424 4064 1545 4194 m?

358 4192 478 4276 conjux
494 4199 567 4257 erat
585 4192 655 4257 filia
674 4193 827 4260 Ordmeri
843 4196 935 4260 ducis
949 4197 1179 4282 potentissimi,
1196 4200 1412 4284 cognomento
1425 4198 1519 4261 family.

361 4291 523 4359 Coralida
553 4294 647 4379 filio,
683 4296 723 4361 de
755 4319 821 4382 qua
853 4299 971 4385 genuit
1010 4305 1161 4364 sanctum
1201 4299 1412 4373 Edwardunr,

359 4397 415 4480 qui
438 4402 514 4482 post
543 4398 653 4483 ipsum
684 4400 853 4485 regnabat,
878 4406 956 4465 ante
987 4402 1143 4468 videlicet
1166 4401 1411 4466 Etheldredum.

361 4496 513 4564 Secunda
552 4499 674 4583 conjux
705 4506 778 4566 erat
807 4502 877 4567 filia
903 4502 1030 4590 Osgari,
1062 4504 1155 4570 ducis
1185 4501 1413 4578 Deveniensis,

361 4601 491 4666 nomine
516 4601 653 4677 Elfrida,
676 4624 717 4666 ex
750 4625 815 4689 qua
844 4605 961 4691 genuit
996 4605 1209 4671 Edmundum
1239 4605 1297 4690 qui
1328 4603 1413 4668 obiit

359 4708 435 4767 ante
469 4708 605 4787 patrem,
631 4711 664 4768 ot
693 4705 931 4771 Etheldrednm
956 4709 1013 4793 qui
1045 4717 1120 4794 post
1150 4732 1225 4773 oum
1248 4707 1412 4792 regnavit,

362 4926 399 5050 b*
414 4926 455 4974 W.
468 4926 515 4984 M,
535 4943 578 4973 nee
602 4925 754 4992 irwlcpnnrem
772 4946 816 4980 nec
834 4928 865 4979 il·
909 4931 989 4981 serent
1007 4935 1097 4993 words,
1111 4933 1142 4982 os
1157 4932 1199 4980 tlrc
1220 4938 1290 4994 story
1311 4945 1340 4978 aa
1353 4926 1413 4983 §ro

380 5003 478 5133 qth‘qq
495 5083 518 5131 is
535 5098 567 5132 an
580 5086 746 5150 abridgment,
766 5087 794 5139 iu
815 5088 862 5142 dir·
908 5011 943 5076 by
954 5010 1137 5076 MflMbNJ·
